%YAML 1.1
%TAG !u! tag:unity3d.com,2011:
--- !u!1 &110354
GameObject:
  m_ObjectHideFlags: 1
  m_PrefabParentObject: {fileID: 0}
  m_PrefabInternal: {fileID: 100100000}
  serializedVersion: 4
  m_Component:
  - 4: {fileID: 446692}
  - 33: {fileID: 3327238}
  - 23: {fileID: 2381230}
  m_Layer: 0
  m_Name: yasmine_bunk
  m_TagString: Untagged
  m_Icon: {fileID: 0}
  m_NavMeshLayer: 0
  m_StaticEditorFlags: 0
  m_IsActive: 1
--- !u!1 &129814
GameObject:
  m_ObjectHideFlags: 0
  m_PrefabParentObject: {fileID: 0}
  m_PrefabInternal: {fileID: 100100000}
  serializedVersion: 4
  m_Component:
  - 4: {fileID: 487118}
  - 136: {fileID: 13611514}
  - 95: {fileID: 9530220}
  - 114: {fileID: 11422664}
  - 114: {fileID: 11484392}
  - 114: {fileID: 11493202}
  - 114: {fileID: 11467534}
  m_Layer: 0
  m_Name: man
  m_TagString: Untagged
  m_Icon: {fileID: 0}
  m_NavMeshLayer: 0
  m_StaticEditorFlags: 0
  m_IsActive: 0
--- !u!1 &139524
GameObject:
  m_ObjectHideFlags: 0
  m_PrefabParentObject: {fileID: 0}
  m_PrefabInternal: {fileID: 100100000}
  serializedVersion: 4
  m_Component:
  - 4: {fileID: 446992}
  - 114: {fileID: 11406530}
  m_Layer: 0
  m_Name: ManRotation
  m_TagString: Untagged
  m_Icon: {fileID: 0}
  m_NavMeshLayer: 0
  m_StaticEditorFlags: 0
  m_IsActive: 1
--- !u!1 &164386
GameObject:
  m_ObjectHideFlags: 1
  m_PrefabParentObject: {fileID: 0}
  m_PrefabInternal: {fileID: 100100000}
  serializedVersion: 4
  m_Component:
  - 4: {fileID: 472306}
  - 33: {fileID: 3375416}
  - 23: {fileID: 2328956}
  m_Layer: 0
  m_Name: yassmine
  m_TagString: Untagged
  m_Icon: {fileID: 0}
  m_NavMeshLayer: 0
  m_StaticEditorFlags: 0
  m_IsActive: 1
--- !u!1 &184046
GameObject:
  m_ObjectHideFlags: 1
  m_PrefabParentObject: {fileID: 0}
  m_PrefabInternal: {fileID: 100100000}
  serializedVersion: 4
  m_Component:
  - 4: {fileID: 421624}
  - 33: {fileID: 3331202}
  - 23: {fileID: 2398668}
  m_Layer: 0
  m_Name: yasmine_rope
  m_TagString: Untagged
  m_Icon: {fileID: 0}
  m_NavMeshLayer: 0
  m_StaticEditorFlags: 0
  m_IsActive: 1
--- !u!1 &190080
GameObject:
  m_ObjectHideFlags: 1
  m_PrefabParentObject: {fileID: 0}
  m_PrefabInternal: {fileID: 100100000}
  serializedVersion: 4
  m_Component:
  - 4: {fileID: 433434}
  - 33: {fileID: 3387382}
  - 23: {fileID: 2370932}
  m_Layer: 0
  m_Name: Cube
  m_TagString: Untagged
  m_Icon: {fileID: 0}
  m_NavMeshLayer: 0
  m_StaticEditorFlags: 0
  m_IsActive: 1
--- !u!4 &421624
Transform:
  m_ObjectHideFlags: 1
  m_PrefabParentObject: {fileID: 0}
  m_PrefabInternal: {fileID: 100100000}
  m_GameObject: {fileID: 184046}
  m_LocalRotation: {x: -.107957125, y: -.693976223, z: -.10942284, w: .703398108}
  m_LocalPosition: {x: -.010855061, y: 2.72655749, z: .197025031}
  m_LocalScale: {x: .92955488, y: .929554999, z: 1.06793725}
  m_Children: []
  m_Father: {fileID: 487118}
  m_RootOrder: 2
--- !u!4 &433434
Transform:
  m_ObjectHideFlags: 1
  m_PrefabParentObject: {fileID: 0}
  m_PrefabInternal: {fileID: 100100000}
  m_GameObject: {fileID: 190080}
  m_LocalRotation: {x: .0308434125, y: .706433773, z: .706433773, w: .0308433063}
  m_LocalPosition: {x: .18099536, y: 2.69881034, z: -3.57531627e-09}
  m_LocalScale: {x: 19.9999981, y: 19.9999981, z: 20}
  m_Children: []
  m_Father: {fileID: 487118}
  m_RootOrder: 0
--- !u!4 &446692
Transform:
  m_ObjectHideFlags: 1
  m_PrefabParentObject: {fileID: 0}
  m_PrefabInternal: {fileID: 100100000}
  m_GameObject: {fileID: 110354}
  m_LocalRotation: {x: -.107957147, y: -.693976164, z: -.109422848, w: .703398168}
  m_LocalPosition: {x: -.0264541581, y: 2.73199415, z: .197247729}
  m_LocalScale: {x: .0900000483, y: .0900000483, z: .180000082}
  m_Children: []
  m_Father: {fileID: 487118}
  m_RootOrder: 1
--- !u!4 &446992
Transform:
  m_ObjectHideFlags: 1
  m_PrefabParentObject: {fileID: 0}
  m_PrefabInternal: {fileID: 100100000}
  m_GameObject: {fileID: 139524}
  m_LocalRotation: {x: 0, y: .558101654, z: 0, w: .829772651}
  m_LocalPosition: {x: 25.8400002, y: 2.20000005, z: -45.5999985}
  m_LocalScale: {x: 1, y: 1, z: 1}
  m_Children:
  - {fileID: 487118}
  m_Father: {fileID: 0}
  m_RootOrder: 0
--- !u!4 &472306
Transform:
  m_ObjectHideFlags: 1
  m_PrefabParentObject: {fileID: 0}
  m_PrefabInternal: {fileID: 100100000}
  m_GameObject: {fileID: 164386}
  m_LocalRotation: {x: -.10795714, y: -.693976223, z: -.109422848, w: .703398108}
  m_LocalPosition: {x: .0829853415, y: 2.69454789, z: .196980923}
  m_LocalScale: {x: .584524274, y: .584524214, z: .584524095}
  m_Children: []
  m_Father: {fileID: 487118}
  m_RootOrder: 3
--- !u!4 &487118
Transform:
  m_ObjectHideFlags: 1
  m_PrefabParentObject: {fileID: 0}
  m_PrefabInternal: {fileID: 100100000}
  m_GameObject: {fileID: 129814}
  m_LocalRotation: {x: 0, y: .551937044, z: 0, w: .833885789}
  m_LocalPosition: {x: .19712694, y: -1.09000003, z: .351625681}
  m_LocalScale: {x: 1, y: 1, z: 1}
  m_Children:
  - {fileID: 433434}
  - {fileID: 446692}
  - {fileID: 421624}
  - {fileID: 472306}
  m_Father: {fileID: 446992}
  m_RootOrder: 0
--- !u!23 &2328956
MeshRenderer:
  m_ObjectHideFlags: 1
  m_PrefabParentObject: {fileID: 0}
  m_PrefabInternal: {fileID: 100100000}
  m_GameObject: {fileID: 164386}
  m_Enabled: 1
  m_CastShadows: 1
  m_ReceiveShadows: 1
  m_Materials:
  - {fileID: 2100000, guid: dbabee5a826b5a64793f41ebd4bad2c2, type: 2}
  - {fileID: 2100000, guid: c9a5329a2428a8d499daa1a6afc2796b, type: 2}
  - {fileID: 2100000, guid: 2963f7a4af098184bae25dac4bd025fc, type: 2}
  m_SubsetIndices: 
  m_StaticBatchRoot: {fileID: 0}
  m_UseLightProbes: 1
  m_ReflectionProbeUsage: 1
  m_ProbeAnchor: {fileID: 0}
  m_ScaleInLightmap: 1
  m_PreserveUVs: 0
  m_ImportantGI: 0
  m_AutoUVMaxDistance: .5
  m_AutoUVMaxAngle: 89
  m_LightmapParameters: {fileID: 0}
  m_SortingLayerID: 0
  m_SortingOrder: 0
--- !u!23 &2370932
MeshRenderer:
  m_ObjectHideFlags: 1
  m_PrefabParentObject: {fileID: 0}
  m_PrefabInternal: {fileID: 100100000}
  m_GameObject: {fileID: 190080}
  m_Enabled: 1
  m_CastShadows: 1
  m_ReceiveShadows: 1
  m_Materials:
  - {fileID: 2100000, guid: 66bfbdcb31baeb149975924e8d3c0b8e, type: 2}
  - {fileID: 2100000, guid: bc666d98e58a62a4faeb8c7739451662, type: 2}
  - {fileID: 2100000, guid: eab458ce535395847a3d76a133478c79, type: 2}
  - {fileID: 2100000, guid: 9f3de3616916125409d932afff7c0f98, type: 2}
  - {fileID: 2100000, guid: 59c9b86b7e14d934693ae3ca1a6e6159, type: 2}
  - {fileID: 2100000, guid: a62cfbc87922bd34aa7a273f12beae5a, type: 2}
  - {fileID: 2100000, guid: fdb55ce91dce2524d876b2711a0c80d3, type: 2}
  - {fileID: 2100000, guid: 5617f018d26dd9a4aba5980dbf51a855, type: 2}
  m_SubsetIndices: 
  m_StaticBatchRoot: {fileID: 0}
  m_UseLightProbes: 1
  m_ReflectionProbeUsage: 1
  m_ProbeAnchor: {fileID: 0}
  m_ScaleInLightmap: 1
  m_PreserveUVs: 0
  m_ImportantGI: 0
  m_AutoUVMaxDistance: .5
  m_AutoUVMaxAngle: 89
  m_LightmapParameters: {fileID: 0}
  m_SortingLayerID: 0
  m_SortingOrder: 0
--- !u!23 &2381230
MeshRenderer:
  m_ObjectHideFlags: 1
  m_PrefabParentObject: {fileID: 0}
  m_PrefabInternal: {fileID: 100100000}
  m_GameObject: {fileID: 110354}
  m_Enabled: 1
  m_CastShadows: 1
  m_ReceiveShadows: 1
  m_Materials:
  - {fileID: 2100000, guid: dbabee5a826b5a64793f41ebd4bad2c2, type: 2}
  m_SubsetIndices: 
  m_StaticBatchRoot: {fileID: 0}
  m_UseLightProbes: 1
  m_ReflectionProbeUsage: 1
  m_ProbeAnchor: {fileID: 0}
  m_ScaleInLightmap: 1
  m_PreserveUVs: 0
  m_ImportantGI: 0
  m_AutoUVMaxDistance: .5
  m_AutoUVMaxAngle: 89
  m_LightmapParameters: {fileID: 0}
  m_SortingLayerID: 0
  m_SortingOrder: 0
--- !u!23 &2398668
MeshRenderer:
  m_ObjectHideFlags: 1
  m_PrefabParentObject: {fileID: 0}
  m_PrefabInternal: {fileID: 100100000}
  m_GameObject: {fileID: 184046}
  m_Enabled: 1
  m_CastShadows: 1
  m_ReceiveShadows: 1
  m_Materials:
  - {fileID: 2100000, guid: 7d6ef6c51f6d7664f92ed1210a01c771, type: 2}
  m_SubsetIndices: 
  m_StaticBatchRoot: {fileID: 0}
  m_UseLightProbes: 1
  m_ReflectionProbeUsage: 1
  m_ProbeAnchor: {fileID: 0}
  m_ScaleInLightmap: 1
  m_PreserveUVs: 0
  m_ImportantGI: 0
  m_AutoUVMaxDistance: .5
  m_AutoUVMaxAngle: 89
  m_LightmapParameters: {fileID: 0}
  m_SortingLayerID: 0
  m_SortingOrder: 0
--- !u!33 &3327238
MeshFilter:
  m_ObjectHideFlags: 1
  m_PrefabParentObject: {fileID: 0}
  m_PrefabInternal: {fileID: 100100000}
  m_GameObject: {fileID: 110354}
  m_Mesh: {fileID: 4300002, guid: 31419fa9c1983d14a8f6e0cee9ba746c, type: 3}
--- !u!33 &3331202
MeshFilter:
  m_ObjectHideFlags: 1
  m_PrefabParentObject: {fileID: 0}
  m_PrefabInternal: {fileID: 100100000}
  m_GameObject: {fileID: 184046}
  m_Mesh: {fileID: 4300004, guid: 31419fa9c1983d14a8f6e0cee9ba746c, type: 3}
--- !u!33 &3375416
MeshFilter:
  m_ObjectHideFlags: 1
  m_PrefabParentObject: {fileID: 0}
  m_PrefabInternal: {fileID: 100100000}
  m_GameObject: {fileID: 164386}
  m_Mesh: {fileID: 4300006, guid: 31419fa9c1983d14a8f6e0cee9ba746c, type: 3}
--- !u!33 &3387382
MeshFilter:
  m_ObjectHideFlags: 1
  m_PrefabParentObject: {fileID: 0}
  m_PrefabInternal: {fileID: 100100000}
  m_GameObject: {fileID: 190080}
  m_Mesh: {fileID: 4300000, guid: 31419fa9c1983d14a8f6e0cee9ba746c, type: 3}
--- !u!95 &9530220
Animator:
  serializedVersion: 3
  m_ObjectHideFlags: 1
  m_PrefabParentObject: {fileID: 0}
  m_PrefabInternal: {fileID: 100100000}
  m_GameObject: {fileID: 129814}
  m_Enabled: 1
  m_Avatar: {fileID: 0}
  m_Controller: {fileID: 9100000, guid: eefbf30a7abd50a438603d235906650d, type: 2}
  m_CullingMode: 0
  m_UpdateMode: 0
  m_ApplyRootMotion: 0
  m_LinearVelocityBlending: 0
  m_WarningMessage: 
  m_HasTransformHierarchy: 1
  m_AllowConstantClipSamplingOptimization: 1
--- !u!114 &11406530
MonoBehaviour:
  m_ObjectHideFlags: 1
  m_PrefabParentObject: {fileID: 0}
  m_PrefabInternal: {fileID: 100100000}
  m_GameObject: {fileID: 139524}
  m_Enabled: 1
  m_EditorHideFlags: 0
  m_Script: {fileID: 11500000, guid: 7a017db66dc2bee4e9d6c401dbd4b6c0, type: 3}
  m_Name: 
  m_EditorClassIdentifier: 
  Player: {fileID: 0}
--- !u!114 &11422664
MonoBehaviour:
  m_ObjectHideFlags: 1
  m_PrefabParentObject: {fileID: 0}
  m_PrefabInternal: {fileID: 100100000}
  m_GameObject: {fileID: 129814}
  m_Enabled: 1
  m_EditorHideFlags: 0
  m_Script: {fileID: 11500000, guid: 0d4d14086c392bb40adf92cc9b5054f7, type: 3}
  m_Name: 
  m_EditorClassIdentifier: 
  enableAction:
    gameObjects:
    - {fileID: 0}
    - {fileID: 0}
    - {fileID: 0}
    - {fileID: 0}
--- !u!114 &11467534
MonoBehaviour:
  m_ObjectHideFlags: 1
  m_PrefabParentObject: {fileID: 0}
  m_PrefabInternal: {fileID: 100100000}
  m_GameObject: {fileID: 129814}
  m_Enabled: 1
  m_EditorHideFlags: 0
  m_Script: {fileID: -1862395651, guid: f5f67c52d1564df4a8936ccd202a3bd8, type: 3}
  m_Name: 
  m_EditorClassIdentifier: 
  m_Delegates:
  - eventID: 0
    callback:
      m_PersistentCalls:
        m_Calls:
        - m_Target: {fileID: 11484392}
          m_MethodName: SetGazedAt
          m_Mode: 1
          m_Arguments:
            m_ObjectArgument: {fileID: 0}
            m_ObjectArgumentAssemblyTypeName: UnityEngine.Object, UnityEngine
            m_IntArgument: 0
            m_FloatArgument: 0
            m_StringArgument: 
            m_BoolArgument: 0
          m_CallState: 2
      m_TypeName: UnityEngine.EventSystems.EventTrigger+TriggerEvent, UnityEngine.UI,
        Version=1.0.0.0, Culture=neutral, PublicKeyToken=null
  - eventID: 1
    callback:
      m_PersistentCalls:
        m_Calls:
        - m_Target: {fileID: 11484392}
          m_MethodName: ResetGaze
          m_Mode: 1
          m_Arguments:
            m_ObjectArgument: {fileID: 0}
            m_ObjectArgumentAssemblyTypeName: UnityEngine.Object, UnityEngine
            m_IntArgument: 0
            m_FloatArgument: 0
            m_StringArgument: 
            m_BoolArgument: 0
          m_CallState: 2
        - m_Target: {fileID: 11484392}
          m_MethodName: StopCoroutine
          m_Mode: 5
          m_Arguments:
            m_ObjectArgument: {fileID: 0}
            m_ObjectArgumentAssemblyTypeName: UnityEngine.Object, UnityEngine
            m_IntArgument: 0
            m_FloatArgument: 0
            m_StringArgument: FocusCouroutine
            m_BoolArgument: 0
          m_CallState: 2
      m_TypeName: UnityEngine.EventSystems.EventTrigger+TriggerEvent, UnityEngine.UI,
        Version=1.0.0.0, Culture=neutral, PublicKeyToken=null
  delegates: []
--- !u!114 &11484392
MonoBehaviour:
  m_ObjectHideFlags: 1
  m_PrefabParentObject: {fileID: 0}
  m_PrefabInternal: {fileID: 100100000}
  m_GameObject: {fileID: 129814}
  m_Enabled: 1
  m_EditorHideFlags: 0
  m_Script: {fileID: 11500000, guid: c827d2d998b2d1a48bf024f057b8b5a8, type: 3}
  m_Name: 
  m_EditorClassIdentifier: 
--- !u!114 &11493202
MonoBehaviour:
  m_ObjectHideFlags: 1
  m_PrefabParentObject: {fileID: 0}
  m_PrefabInternal: {fileID: 100100000}
  m_GameObject: {fileID: 129814}
  m_Enabled: 1
  m_EditorHideFlags: 0
  m_Script: {fileID: 11500000, guid: 4d059f1838371c945bad665116c396b8, type: 3}
  m_Name: 
  m_EditorClassIdentifier: 
  maxFocusTime: 2
--- !u!136 &13611514
CapsuleCollider:
  m_ObjectHideFlags: 1
  m_PrefabParentObject: {fileID: 0}
  m_PrefabInternal: {fileID: 100100000}
  m_GameObject: {fileID: 129814}
  m_Material: {fileID: 0}
  m_IsTrigger: 0
  m_Enabled: 1
  m_Radius: .384696603
  m_Height: 3.47595835
  m_Direction: 1
  m_Center: {x: .209999993, y: 1.45000005, z: .00999999978}
--- !u!1001 &100100000
Prefab:
  m_ObjectHideFlags: 1
  serializedVersion: 2
  m_Modification:
    m_TransformParent: {fileID: 0}
    m_Modifications: []
    m_RemovedComponents: []
  m_ParentPrefab: {fileID: 0}
  m_RootGameObject: {fileID: 139524}
  m_IsPrefabParent: 1
