%YAML 1.1
%TAG !u! tag:unity3d.com,2011:
--- !u!1 &103354
GameObject:
  m_ObjectHideFlags: 0
  m_PrefabParentObject: {fileID: 0}
  m_PrefabInternal: {fileID: 100100000}
  serializedVersion: 4
  m_Component:
  - 4: {fileID: 453332}
  - 33: {fileID: 3337354}
  - 23: {fileID: 2334010}
  m_Layer: 0
  m_Name: Cube.001
  m_TagString: Untagged
  m_Icon: {fileID: 0}
  m_NavMeshLayer: 0
  m_StaticEditorFlags: 0
  m_IsActive: 1
--- !u!1 &103864
GameObject:
  m_ObjectHideFlags: 0
  m_PrefabParentObject: {fileID: 0}
  m_PrefabInternal: {fileID: 100100000}
  serializedVersion: 4
  m_Component:
  - 4: {fileID: 434800}
  - 33: {fileID: 3353120}
  - 23: {fileID: 2374490}
  m_Layer: 0
  m_Name: PALM 4.007
  m_TagString: Untagged
  m_Icon: {fileID: 0}
  m_NavMeshLayer: 0
  m_StaticEditorFlags: 0
  m_IsActive: 1
--- !u!1 &106534
GameObject:
  m_ObjectHideFlags: 0
  m_PrefabParentObject: {fileID: 0}
  m_PrefabInternal: {fileID: 100100000}
  serializedVersion: 4
  m_Component:
  - 4: {fileID: 418310}
  - 33: {fileID: 3332494}
  - 23: {fileID: 2370446}
  m_Layer: 0
  m_Name: PALM 4.001
  m_TagString: Untagged
  m_Icon: {fileID: 0}
  m_NavMeshLayer: 0
  m_StaticEditorFlags: 0
  m_IsActive: 1
--- !u!1 &107142
GameObject:
  m_ObjectHideFlags: 0
  m_PrefabParentObject: {fileID: 0}
  m_PrefabInternal: {fileID: 100100000}
  serializedVersion: 4
  m_Component:
  - 4: {fileID: 427828}
  m_Layer: 0
  m_Name: Camera
  m_TagString: Untagged
  m_Icon: {fileID: 0}
  m_NavMeshLayer: 0
  m_StaticEditorFlags: 0
  m_IsActive: 1
--- !u!1 &108832
GameObject:
  m_ObjectHideFlags: 0
  m_PrefabParentObject: {fileID: 0}
  m_PrefabInternal: {fileID: 100100000}
  serializedVersion: 4
  m_Component:
  - 4: {fileID: 470506}
  - 33: {fileID: 3328330}
  - 23: {fileID: 2391392}
  m_Layer: 0
  m_Name: PALM 3.008
  m_TagString: Untagged
  m_Icon: {fileID: 0}
  m_NavMeshLayer: 0
  m_StaticEditorFlags: 0
  m_IsActive: 1
--- !u!1 &109532
GameObject:
  m_ObjectHideFlags: 0
  m_PrefabParentObject: {fileID: 0}
  m_PrefabInternal: {fileID: 100100000}
  serializedVersion: 4
  m_Component:
  - 4: {fileID: 462478}
  - 33: {fileID: 3380908}
  - 23: {fileID: 2304224}
  m_Layer: 0
  m_Name: PALM 2.005
  m_TagString: Untagged
  m_Icon: {fileID: 0}
  m_NavMeshLayer: 0
  m_StaticEditorFlags: 0
  m_IsActive: 1
--- !u!1 &110672
GameObject:
  m_ObjectHideFlags: 0
  m_PrefabParentObject: {fileID: 0}
  m_PrefabInternal: {fileID: 100100000}
  serializedVersion: 4
  m_Component:
  - 4: {fileID: 401736}
  - 33: {fileID: 3331166}
  - 23: {fileID: 2312222}
  m_Layer: 0
  m_Name: Plane.006
  m_TagString: Untagged
  m_Icon: {fileID: 0}
  m_NavMeshLayer: 0
  m_StaticEditorFlags: 0
  m_IsActive: 1
--- !u!1 &111588
GameObject:
  m_ObjectHideFlags: 0
  m_PrefabParentObject: {fileID: 0}
  m_PrefabInternal: {fileID: 100100000}
  serializedVersion: 4
  m_Component:
  - 4: {fileID: 439262}
  - 33: {fileID: 3363012}
  - 23: {fileID: 2323592}
  m_Layer: 0
  m_Name: Plane.010
  m_TagString: Untagged
  m_Icon: {fileID: 0}
  m_NavMeshLayer: 0
  m_StaticEditorFlags: 0
  m_IsActive: 1
--- !u!1 &112970
GameObject:
  m_ObjectHideFlags: 0
  m_PrefabParentObject: {fileID: 0}
  m_PrefabInternal: {fileID: 100100000}
  serializedVersion: 4
  m_Component:
  - 4: {fileID: 402672}
  - 33: {fileID: 3350026}
  - 23: {fileID: 2379968}
  m_Layer: 0
  m_Name: PALM 3.002
  m_TagString: Untagged
  m_Icon: {fileID: 0}
  m_NavMeshLayer: 0
  m_StaticEditorFlags: 0
  m_IsActive: 1
--- !u!1 &113610
GameObject:
  m_ObjectHideFlags: 0
  m_PrefabParentObject: {fileID: 0}
  m_PrefabInternal: {fileID: 100100000}
  serializedVersion: 4
  m_Component:
  - 4: {fileID: 449482}
  - 33: {fileID: 3306528}
  - 23: {fileID: 2360950}
  m_Layer: 0
  m_Name: Cube.003
  m_TagString: Untagged
  m_Icon: {fileID: 0}
  m_NavMeshLayer: 0
  m_StaticEditorFlags: 0
  m_IsActive: 1
--- !u!1 &114122
GameObject:
  m_ObjectHideFlags: 0
  m_PrefabParentObject: {fileID: 0}
  m_PrefabInternal: {fileID: 100100000}
  serializedVersion: 4
  m_Component:
  - 4: {fileID: 471524}
  - 33: {fileID: 3317568}
  - 23: {fileID: 2355406}
  m_Layer: 0
  m_Name: Plane (2)
  m_TagString: Untagged
  m_Icon: {fileID: 0}
  m_NavMeshLayer: 0
  m_StaticEditorFlags: 0
  m_IsActive: 1
--- !u!1 &115364
GameObject:
  m_ObjectHideFlags: 0
  m_PrefabParentObject: {fileID: 0}
  m_PrefabInternal: {fileID: 100100000}
  serializedVersion: 4
  m_Component:
  - 4: {fileID: 464534}
  - 33: {fileID: 3349952}
  - 23: {fileID: 2303354}
  m_Layer: 0
  m_Name: PALM 4.002
  m_TagString: Untagged
  m_Icon: {fileID: 0}
  m_NavMeshLayer: 0
  m_StaticEditorFlags: 0
  m_IsActive: 1
--- !u!1 &116000
GameObject:
  m_ObjectHideFlags: 0
  m_PrefabParentObject: {fileID: 0}
  m_PrefabInternal: {fileID: 100100000}
  serializedVersion: 4
  m_Component:
  - 4: {fileID: 408220}
  - 33: {fileID: 3304736}
  - 23: {fileID: 2312938}
  m_Layer: 0
  m_Name: Plane.008
  m_TagString: Untagged
  m_Icon: {fileID: 0}
  m_NavMeshLayer: 0
  m_StaticEditorFlags: 0
  m_IsActive: 1
--- !u!1 &117550
GameObject:
  m_ObjectHideFlags: 0
  m_PrefabParentObject: {fileID: 0}
  m_PrefabInternal: {fileID: 100100000}
  serializedVersion: 4
  m_Component:
  - 4: {fileID: 472738}
  - 33: {fileID: 3372766}
  - 23: {fileID: 2338830}
  m_Layer: 0
  m_Name: PALM 3.004
  m_TagString: Untagged
  m_Icon: {fileID: 0}
  m_NavMeshLayer: 0
  m_StaticEditorFlags: 0
  m_IsActive: 1
--- !u!1 &119374
GameObject:
  m_ObjectHideFlags: 0
  m_PrefabParentObject: {fileID: 0}
  m_PrefabInternal: {fileID: 100100000}
  serializedVersion: 4
  m_Component:
  - 4: {fileID: 404402}
  - 33: {fileID: 3307728}
  - 23: {fileID: 2306820}
  m_Layer: 0
  m_Name: Plane.004
  m_TagString: Untagged
  m_Icon: {fileID: 0}
  m_NavMeshLayer: 0
  m_StaticEditorFlags: 0
  m_IsActive: 1
--- !u!1 &119520
GameObject:
  m_ObjectHideFlags: 0
  m_PrefabParentObject: {fileID: 0}
  m_PrefabInternal: {fileID: 100100000}
  serializedVersion: 4
  m_Component:
  - 4: {fileID: 499580}
  - 33: {fileID: 3322482}
  - 23: {fileID: 2373864}
  m_Layer: 0
  m_Name: Plane.013
  m_TagString: Untagged
  m_Icon: {fileID: 0}
  m_NavMeshLayer: 0
  m_StaticEditorFlags: 0
  m_IsActive: 1
--- !u!1 &122456
GameObject:
  m_ObjectHideFlags: 0
  m_PrefabParentObject: {fileID: 0}
  m_PrefabInternal: {fileID: 100100000}
  serializedVersion: 4
  m_Component:
  - 4: {fileID: 474508}
  - 33: {fileID: 3317312}
  - 23: {fileID: 2308308}
  m_Layer: 0
  m_Name: Plane.014
  m_TagString: Untagged
  m_Icon: {fileID: 0}
  m_NavMeshLayer: 0
  m_StaticEditorFlags: 0
  m_IsActive: 1
--- !u!1 &123058
GameObject:
  m_ObjectHideFlags: 0
  m_PrefabParentObject: {fileID: 0}
  m_PrefabInternal: {fileID: 100100000}
  serializedVersion: 4
  m_Component:
  - 4: {fileID: 416732}
  - 33: {fileID: 3362030}
  - 23: {fileID: 2310566}
  m_Layer: 0
  m_Name: PALM 2.003
  m_TagString: Untagged
  m_Icon: {fileID: 0}
  m_NavMeshLayer: 0
  m_StaticEditorFlags: 0
  m_IsActive: 1
--- !u!1 &123396
GameObject:
  m_ObjectHideFlags: 0
  m_PrefabParentObject: {fileID: 0}
  m_PrefabInternal: {fileID: 100100000}
  serializedVersion: 4
  m_Component:
  - 4: {fileID: 474022}
  - 33: {fileID: 3367986}
  - 23: {fileID: 2353762}
  m_Layer: 0
  m_Name: PALM 4
  m_TagString: Untagged
  m_Icon: {fileID: 0}
  m_NavMeshLayer: 0
  m_StaticEditorFlags: 0
  m_IsActive: 1
--- !u!1 &126408
GameObject:
  m_ObjectHideFlags: 0
  m_PrefabParentObject: {fileID: 0}
  m_PrefabInternal: {fileID: 100100000}
  serializedVersion: 4
  m_Component:
  - 4: {fileID: 496128}
  - 33: {fileID: 3302342}
  - 23: {fileID: 2373430}
  m_Layer: 0
  m_Name: Plane.011
  m_TagString: Untagged
  m_Icon: {fileID: 0}
  m_NavMeshLayer: 0
  m_StaticEditorFlags: 0
  m_IsActive: 1
--- !u!1 &126414
GameObject:
  m_ObjectHideFlags: 0
  m_PrefabParentObject: {fileID: 0}
  m_PrefabInternal: {fileID: 100100000}
  serializedVersion: 4
  m_Component:
  - 4: {fileID: 421856}
  - 33: {fileID: 3314938}
  - 23: {fileID: 2379060}
  m_Layer: 0
  m_Name: Cube.002
  m_TagString: Untagged
  m_Icon: {fileID: 0}
  m_NavMeshLayer: 0
  m_StaticEditorFlags: 0
  m_IsActive: 1
--- !u!1 &128858
GameObject:
  m_ObjectHideFlags: 0
  m_PrefabParentObject: {fileID: 0}
  m_PrefabInternal: {fileID: 100100000}
  serializedVersion: 4
  m_Component:
  - 4: {fileID: 442558}
  - 33: {fileID: 3321702}
  - 23: {fileID: 2354248}
  m_Layer: 0
  m_Name: PALM 2.007
  m_TagString: Untagged
  m_Icon: {fileID: 0}
  m_NavMeshLayer: 0
  m_StaticEditorFlags: 0
  m_IsActive: 1
--- !u!1 &129844
GameObject:
  m_ObjectHideFlags: 0
  m_PrefabParentObject: {fileID: 0}
  m_PrefabInternal: {fileID: 100100000}
  serializedVersion: 4
  m_Component:
  - 4: {fileID: 472500}
  - 33: {fileID: 3375702}
  - 23: {fileID: 2376038}
  m_Layer: 0
  m_Name: Plane.003
  m_TagString: Untagged
  m_Icon: {fileID: 0}
  m_NavMeshLayer: 0
  m_StaticEditorFlags: 0
  m_IsActive: 1
--- !u!1 &134280
GameObject:
  m_ObjectHideFlags: 0
  m_PrefabParentObject: {fileID: 0}
  m_PrefabInternal: {fileID: 100100000}
  serializedVersion: 4
  m_Component:
  - 4: {fileID: 473838}
  - 33: {fileID: 3385228}
  - 23: {fileID: 2308544}
  m_Layer: 0
  m_Name: Plane.001
  m_TagString: Untagged
  m_Icon: {fileID: 0}
  m_NavMeshLayer: 0
  m_StaticEditorFlags: 0
  m_IsActive: 1
--- !u!1 &135568
GameObject:
  m_ObjectHideFlags: 0
  m_PrefabParentObject: {fileID: 0}
  m_PrefabInternal: {fileID: 100100000}
  serializedVersion: 4
  m_Component:
  - 4: {fileID: 421676}
  - 33: {fileID: 3364236}
  - 23: {fileID: 2324016}
  m_Layer: 0
  m_Name: Plane.009
  m_TagString: Untagged
  m_Icon: {fileID: 0}
  m_NavMeshLayer: 0
  m_StaticEditorFlags: 0
  m_IsActive: 1
--- !u!1 &135886
GameObject:
  m_ObjectHideFlags: 0
  m_PrefabParentObject: {fileID: 0}
  m_PrefabInternal: {fileID: 100100000}
  serializedVersion: 4
  m_Component:
  - 4: {fileID: 472586}
  - 33: {fileID: 3354770}
  - 23: {fileID: 2306040}
  m_Layer: 0
  m_Name: PALM 2
  m_TagString: Untagged
  m_Icon: {fileID: 0}
  m_NavMeshLayer: 0
  m_StaticEditorFlags: 0
  m_IsActive: 1
--- !u!1 &136804
GameObject:
  m_ObjectHideFlags: 0
  m_PrefabParentObject: {fileID: 0}
  m_PrefabInternal: {fileID: 100100000}
  serializedVersion: 4
  m_Component:
  - 4: {fileID: 438236}
  - 33: {fileID: 3362082}
  - 23: {fileID: 2379470}
  m_Layer: 0
  m_Name: Plane.012
  m_TagString: Untagged
  m_Icon: {fileID: 0}
  m_NavMeshLayer: 0
  m_StaticEditorFlags: 0
  m_IsActive: 1
--- !u!1 &136934
GameObject:
  m_ObjectHideFlags: 0
  m_PrefabParentObject: {fileID: 0}
  m_PrefabInternal: {fileID: 100100000}
  serializedVersion: 4
  m_Component:
  - 4: {fileID: 465258}
  m_Layer: 0
  m_Name: Point
  m_TagString: Untagged
  m_Icon: {fileID: 0}
  m_NavMeshLayer: 0
  m_StaticEditorFlags: 0
  m_IsActive: 1
--- !u!1 &139700
GameObject:
  m_ObjectHideFlags: 0
  m_PrefabParentObject: {fileID: 0}
  m_PrefabInternal: {fileID: 100100000}
  serializedVersion: 4
  m_Component:
  - 4: {fileID: 460970}
  - 33: {fileID: 3339430}
  - 23: {fileID: 2306144}
  m_Layer: 0
  m_Name: PALM 4.008
  m_TagString: Untagged
  m_Icon: {fileID: 0}
  m_NavMeshLayer: 0
  m_StaticEditorFlags: 0
  m_IsActive: 1
--- !u!1 &141156
GameObject:
  m_ObjectHideFlags: 0
  m_PrefabParentObject: {fileID: 0}
  m_PrefabInternal: {fileID: 100100000}
  serializedVersion: 4
  m_Component:
  - 4: {fileID: 410886}
  - 33: {fileID: 3326322}
  - 23: {fileID: 2345656}
  m_Layer: 0
  m_Name: Cube
  m_TagString: Untagged
  m_Icon: {fileID: 0}
  m_NavMeshLayer: 0
  m_StaticEditorFlags: 0
  m_IsActive: 1
--- !u!1 &141668
GameObject:
  m_ObjectHideFlags: 0
  m_PrefabParentObject: {fileID: 0}
  m_PrefabInternal: {fileID: 100100000}
  serializedVersion: 4
  m_Component:
  - 4: {fileID: 464992}
  - 33: {fileID: 3348670}
  - 23: {fileID: 2341402}
  m_Layer: 0
  m_Name: PALM 2.001
  m_TagString: Untagged
  m_Icon: {fileID: 0}
  m_NavMeshLayer: 0
  m_StaticEditorFlags: 0
  m_IsActive: 1
--- !u!1 &142172
GameObject:
  m_ObjectHideFlags: 0
  m_PrefabParentObject: {fileID: 0}
  m_PrefabInternal: {fileID: 100100000}
  serializedVersion: 4
  m_Component:
  - 4: {fileID: 471778}
  - 33: {fileID: 3313842}
  - 23: {fileID: 2335362}
  m_Layer: 0
  m_Name: Plane
  m_TagString: Untagged
  m_Icon: {fileID: 0}
  m_NavMeshLayer: 0
  m_StaticEditorFlags: 0
  m_IsActive: 1
--- !u!1 &142222
GameObject:
  m_ObjectHideFlags: 0
  m_PrefabParentObject: {fileID: 0}
  m_PrefabInternal: {fileID: 100100000}
  serializedVersion: 4
  m_Component:
  - 4: {fileID: 471682}
  - 33: {fileID: 3343368}
  - 23: {fileID: 2390636}
  m_Layer: 0
  m_Name: PALM 4.005
  m_TagString: Untagged
  m_Icon: {fileID: 0}
  m_NavMeshLayer: 0
  m_StaticEditorFlags: 0
  m_IsActive: 1
--- !u!1 &142254
GameObject:
  m_ObjectHideFlags: 0
  m_PrefabParentObject: {fileID: 0}
  m_PrefabInternal: {fileID: 100100000}
  serializedVersion: 4
  m_Component:
  - 4: {fileID: 458622}
  - 33: {fileID: 3331988}
  - 23: {fileID: 2380586}
  m_Layer: 0
  m_Name: PALM 2.008
  m_TagString: Untagged
  m_Icon: {fileID: 0}
  m_NavMeshLayer: 0
  m_StaticEditorFlags: 0
  m_IsActive: 1
--- !u!1 &143492
GameObject:
  m_ObjectHideFlags: 0
  m_PrefabParentObject: {fileID: 0}
  m_PrefabInternal: {fileID: 100100000}
  serializedVersion: 4
  m_Component:
  - 4: {fileID: 437344}
  - 33: {fileID: 3346814}
  - 23: {fileID: 2301474}
  m_Layer: 0
  m_Name: PALM 4.004
  m_TagString: Untagged
  m_Icon: {fileID: 0}
  m_NavMeshLayer: 0
  m_StaticEditorFlags: 0
  m_IsActive: 1
--- !u!1 &145404
GameObject:
  m_ObjectHideFlags: 0
  m_PrefabParentObject: {fileID: 0}
  m_PrefabInternal: {fileID: 100100000}
  serializedVersion: 4
  m_Component:
  - 4: {fileID: 464818}
  - 33: {fileID: 3362754}
  - 23: {fileID: 2391768}
  m_Layer: 0
  m_Name: PALM 3.006
  m_TagString: Untagged
  m_Icon: {fileID: 0}
  m_NavMeshLayer: 0
  m_StaticEditorFlags: 0
  m_IsActive: 1
--- !u!1 &146984
GameObject:
  m_ObjectHideFlags: 0
  m_PrefabParentObject: {fileID: 0}
  m_PrefabInternal: {fileID: 100100000}
  serializedVersion: 4
  m_Component:
  - 4: {fileID: 442820}
  - 33: {fileID: 3360916}
  - 23: {fileID: 2331154}
  m_Layer: 0
  m_Name: PALM 1.002
  m_TagString: Untagged
  m_Icon: {fileID: 0}
  m_NavMeshLayer: 0
  m_StaticEditorFlags: 0
  m_IsActive: 1
--- !u!1 &148730
GameObject:
  m_ObjectHideFlags: 0
  m_PrefabParentObject: {fileID: 0}
  m_PrefabInternal: {fileID: 100100000}
  serializedVersion: 4
  m_Component:
  - 4: {fileID: 460510}
  - 33: {fileID: 3355966}
  - 23: {fileID: 2347474}
  m_Layer: 0
  m_Name: PALM 2.006
  m_TagString: Untagged
  m_Icon: {fileID: 0}
  m_NavMeshLayer: 0
  m_StaticEditorFlags: 0
  m_IsActive: 1
--- !u!1 &150662
GameObject:
  m_ObjectHideFlags: 0
  m_PrefabParentObject: {fileID: 0}
  m_PrefabInternal: {fileID: 100100000}
  serializedVersion: 4
  m_Component:
  - 4: {fileID: 453646}
  - 33: {fileID: 3320544}
  - 23: {fileID: 2346070}
  m_Layer: 0
  m_Name: PALM 3
  m_TagString: Untagged
  m_Icon: {fileID: 0}
  m_NavMeshLayer: 0
  m_StaticEditorFlags: 0
  m_IsActive: 1
--- !u!1 &152892
GameObject:
  m_ObjectHideFlags: 0
  m_PrefabParentObject: {fileID: 0}
  m_PrefabInternal: {fileID: 100100000}
  serializedVersion: 4
  m_Component:
  - 4: {fileID: 452422}
  - 33: {fileID: 3327290}
  - 23: {fileID: 2371638}
  m_Layer: 0
  m_Name: PALM 3.003
  m_TagString: Untagged
  m_Icon: {fileID: 0}
  m_NavMeshLayer: 0
  m_StaticEditorFlags: 0
  m_IsActive: 1
--- !u!1 &157640
GameObject:
  m_ObjectHideFlags: 0
  m_PrefabParentObject: {fileID: 0}
  m_PrefabInternal: {fileID: 100100000}
  serializedVersion: 4
  m_Component:
  - 4: {fileID: 460452}
  - 33: {fileID: 3340464}
  - 23: {fileID: 2339748}
  m_Layer: 0
  m_Name: PALM 4.006
  m_TagString: Untagged
  m_Icon: {fileID: 0}
  m_NavMeshLayer: 0
  m_StaticEditorFlags: 0
  m_IsActive: 1
--- !u!1 &160084
GameObject:
  m_ObjectHideFlags: 0
  m_PrefabParentObject: {fileID: 0}
  m_PrefabInternal: {fileID: 100100000}
  serializedVersion: 4
  m_Component:
  - 4: {fileID: 439784}
  - 33: {fileID: 3347900}
  - 23: {fileID: 2343982}
  m_Layer: 0
  m_Name: PALM 1
  m_TagString: Untagged
  m_Icon: {fileID: 0}
  m_NavMeshLayer: 0
  m_StaticEditorFlags: 0
  m_IsActive: 1
--- !u!1 &161438
GameObject:
  m_ObjectHideFlags: 0
  m_PrefabParentObject: {fileID: 0}
  m_PrefabInternal: {fileID: 100100000}
  serializedVersion: 4
  m_Component:
  - 4: {fileID: 496000}
  - 33: {fileID: 3317342}
  - 23: {fileID: 2329174}
  m_Layer: 0
  m_Name: PALM 3.007
  m_TagString: Untagged
  m_Icon: {fileID: 0}
  m_NavMeshLayer: 0
  m_StaticEditorFlags: 0
  m_IsActive: 1
--- !u!1 &168082
GameObject:
  m_ObjectHideFlags: 0
  m_PrefabParentObject: {fileID: 0}
  m_PrefabInternal: {fileID: 100100000}
  serializedVersion: 4
  m_Component:
  - 4: {fileID: 494192}
  - 33: {fileID: 3371492}
  - 23: {fileID: 2358790}
  m_Layer: 0
  m_Name: Plane (1)
  m_TagString: Untagged
  m_Icon: {fileID: 0}
  m_NavMeshLayer: 0
  m_StaticEditorFlags: 0
  m_IsActive: 1
--- !u!1 &171526
GameObject:
  m_ObjectHideFlags: 0
  m_PrefabParentObject: {fileID: 0}
  m_PrefabInternal: {fileID: 100100000}
  serializedVersion: 4
  m_Component:
  - 4: {fileID: 436398}
  - 33: {fileID: 3341476}
  - 23: {fileID: 2328676}
  m_Layer: 0
  m_Name: PALM 2.002
  m_TagString: Untagged
  m_Icon: {fileID: 0}
  m_NavMeshLayer: 0
  m_StaticEditorFlags: 0
  m_IsActive: 1
--- !u!1 &182408
GameObject:
  m_ObjectHideFlags: 0
  m_PrefabParentObject: {fileID: 0}
  m_PrefabInternal: {fileID: 100100000}
  serializedVersion: 4
  m_Component:
  - 4: {fileID: 412558}
  m_Layer: 0
  m_Name: desert assets (3)
  m_TagString: Untagged
  m_Icon: {fileID: 0}
  m_NavMeshLayer: 0
  m_StaticEditorFlags: 0
  m_IsActive: 1
--- !u!1 &186318
GameObject:
  m_ObjectHideFlags: 0
  m_PrefabParentObject: {fileID: 0}
  m_PrefabInternal: {fileID: 100100000}
  serializedVersion: 4
  m_Component:
  - 4: {fileID: 486972}
  - 33: {fileID: 3319474}
  - 23: {fileID: 2393422}
  m_Layer: 0
  m_Name: Plane.007
  m_TagString: Untagged
  m_Icon: {fileID: 0}
  m_NavMeshLayer: 0
  m_StaticEditorFlags: 0
  m_IsActive: 1
--- !u!1 &188168
GameObject:
  m_ObjectHideFlags: 0
  m_PrefabParentObject: {fileID: 0}
  m_PrefabInternal: {fileID: 100100000}
  serializedVersion: 4
  m_Component:
  - 4: {fileID: 452254}
  - 33: {fileID: 3382984}
  - 23: {fileID: 2395224}
  m_Layer: 0
  m_Name: Plane.005
  m_TagString: Untagged
  m_Icon: {fileID: 0}
  m_NavMeshLayer: 0
  m_StaticEditorFlags: 0
  m_IsActive: 1
--- !u!1 &193164
GameObject:
  m_ObjectHideFlags: 0
  m_PrefabParentObject: {fileID: 0}
  m_PrefabInternal: {fileID: 100100000}
  serializedVersion: 4
  m_Component:
  - 4: {fileID: 434644}
  - 33: {fileID: 3330578}
  - 23: {fileID: 2335214}
  m_Layer: 0
  m_Name: PALM 1.001
  m_TagString: Untagged
  m_Icon: {fileID: 0}
  m_NavMeshLayer: 0
  m_StaticEditorFlags: 0
  m_IsActive: 1
--- !u!1 &194216
GameObject:
  m_ObjectHideFlags: 0
  m_PrefabParentObject: {fileID: 0}
  m_PrefabInternal: {fileID: 100100000}
  serializedVersion: 4
  m_Component:
  - 4: {fileID: 485230}
  - 33: {fileID: 3316604}
  - 23: {fileID: 2360556}
  m_Layer: 0
  m_Name: PALM 2.004
  m_TagString: Untagged
  m_Icon: {fileID: 0}
  m_NavMeshLayer: 0
  m_StaticEditorFlags: 0
  m_IsActive: 1
--- !u!1 &195758
GameObject:
  m_ObjectHideFlags: 0
  m_PrefabParentObject: {fileID: 0}
  m_PrefabInternal: {fileID: 100100000}
  serializedVersion: 4
  m_Component:
  - 4: {fileID: 408428}
  - 33: {fileID: 3368534}
  - 23: {fileID: 2312664}
  m_Layer: 0
  m_Name: PALM 4.003
  m_TagString: Untagged
  m_Icon: {fileID: 0}
  m_NavMeshLayer: 0
  m_StaticEditorFlags: 0
  m_IsActive: 1
--- !u!1 &198352
GameObject:
  m_ObjectHideFlags: 0
  m_PrefabParentObject: {fileID: 0}
  m_PrefabInternal: {fileID: 100100000}
  serializedVersion: 4
  m_Component:
  - 4: {fileID: 468796}
  - 33: {fileID: 3361394}
  - 23: {fileID: 2327554}
  m_Layer: 0
  m_Name: PALM 3.005
  m_TagString: Untagged
  m_Icon: {fileID: 0}
  m_NavMeshLayer: 0
  m_StaticEditorFlags: 0
  m_IsActive: 1
--- !u!1 &199016
GameObject:
  m_ObjectHideFlags: 0
  m_PrefabParentObject: {fileID: 0}
  m_PrefabInternal: {fileID: 100100000}
  serializedVersion: 4
  m_Component:
  - 4: {fileID: 447802}
  - 33: {fileID: 3379478}
  - 23: {fileID: 2367636}
  m_Layer: 0
  m_Name: Plane.002
  m_TagString: Untagged
  m_Icon: {fileID: 0}
  m_NavMeshLayer: 0
  m_StaticEditorFlags: 0
  m_IsActive: 1
--- !u!1 &199582
GameObject:
  m_ObjectHideFlags: 0
  m_PrefabParentObject: {fileID: 0}
  m_PrefabInternal: {fileID: 100100000}
  serializedVersion: 4
  m_Component:
  - 4: {fileID: 460762}
  - 33: {fileID: 3381208}
  - 23: {fileID: 2318974}
  m_Layer: 0
  m_Name: PALM 3.001
  m_TagString: Untagged
  m_Icon: {fileID: 0}
  m_NavMeshLayer: 0
  m_StaticEditorFlags: 0
  m_IsActive: 1
--- !u!4 &401736
Transform:
  m_ObjectHideFlags: 1
  m_PrefabParentObject: {fileID: 0}
  m_PrefabInternal: {fileID: 100100000}
  m_GameObject: {fileID: 110672}
  m_LocalRotation: {x: -.612372458, y: -.353553414, z: -.353553474, w: .612372339}
  m_LocalPosition: {x: 1.82340646, y: -2.1657443, z: 2.36517239}
  m_LocalScale: {x: 25, y: 25, z: 25}
  m_Children: []
  m_Father: {fileID: 412558}
  m_RootOrder: 41
--- !u!4 &402672
Transform:
  m_ObjectHideFlags: 1
  m_PrefabParentObject: {fileID: 0}
  m_PrefabInternal: {fileID: 100100000}
  m_GameObject: {fileID: 112970}
  m_LocalRotation: {x: -.482817829, y: .51661104, z: .516610801, w: .482818037}
  m_LocalPosition: {x: 6.44704676, y: -1.10341489, z: -3.3403604}
  m_LocalScale: {x: 30, y: 29.9999981, z: 29.9999981}
  m_Children: []
  m_Father: {fileID: 412558}
  m_RootOrder: 19
--- !u!4 &404402
Transform:
  m_ObjectHideFlags: 1
  m_PrefabParentObject: {fileID: 0}
  m_PrefabInternal: {fileID: 100100000}
  m_GameObject: {fileID: 119374}
  m_LocalRotation: {x: .446555853, y: .54825902, z: .548258662, w: -.446556151}
  m_LocalPosition: {x: 3.95184469, y: -1.96807313, z: .626029849}
  m_LocalScale: {x: 25.0000019, y: 25.0000019, z: 25}
  m_Children: []
  m_Father: {fileID: 412558}
  m_RootOrder: 39
--- !u!4 &408220
Transform:
  m_ObjectHideFlags: 1
  m_PrefabParentObject: {fileID: 0}
  m_PrefabInternal: {fileID: 100100000}
  m_GameObject: {fileID: 116000}
  m_LocalRotation: {x: -.57465297, y: .412036449, z: .412036508, w: .574652851}
  m_LocalPosition: {x: 1.61612785, y: -2.89283895, z: 5.79435587}
  m_LocalScale: {x: 34.9999962, y: 34.9999962, z: 35}
  m_Children: []
  m_Father: {fileID: 412558}
  m_RootOrder: 43
--- !u!4 &408428
Transform:
  m_ObjectHideFlags: 1
  m_PrefabParentObject: {fileID: 0}
  m_PrefabInternal: {fileID: 100100000}
  m_GameObject: {fileID: 195758}
  m_LocalRotation: {x: .226854965, y: .669728994, z: .669728935, w: -.22685498}
  m_LocalPosition: {x: -9.43981552, y: -1.69546676, z: -11.0012007}
  m_LocalScale: {x: 20.0000019, y: 20.0000019, z: 20}
  m_Children: []
  m_Father: {fileID: 412558}
  m_RootOrder: 29
--- !u!4 &410886
Transform:
  m_ObjectHideFlags: 1
  m_PrefabParentObject: {fileID: 0}
  m_PrefabInternal: {fileID: 100100000}
  m_GameObject: {fileID: 141156}
  m_LocalRotation: {x: -.707106829, y: 0, z: -0, w: .707106709}
  m_LocalPosition: {x: -3.39592743, y: -.989925086, z: 1.34195518}
  m_LocalScale: {x: 12, y: 12, z: 12}
  m_Children: []
  m_Father: {fileID: 412558}
  m_RootOrder: 1
--- !u!4 &412558
Transform:
  m_ObjectHideFlags: 1
  m_PrefabParentObject: {fileID: 0}
  m_PrefabInternal: {fileID: 100100000}
  m_GameObject: {fileID: 182408}
  m_LocalRotation: {x: 0, y: 0, z: 0, w: 1}
  m_LocalPosition: {x: 0, y: 0, z: 174.5}
  m_LocalScale: {x: 1, y: 1, z: 1}
  m_Children:
  - {fileID: 427828}
  - {fileID: 410886}
  - {fileID: 453332}
  - {fileID: 421856}
  - {fileID: 449482}
  - {fileID: 439784}
  - {fileID: 434644}
  - {fileID: 442820}
  - {fileID: 472586}
  - {fileID: 464992}
  - {fileID: 436398}
  - {fileID: 416732}
  - {fileID: 485230}
  - {fileID: 462478}
  - {fileID: 460510}
  - {fileID: 442558}
  - {fileID: 458622}
  - {fileID: 453646}
  - {fileID: 460762}
  - {fileID: 402672}
  - {fileID: 452422}
  - {fileID: 472738}
  - {fileID: 468796}
  - {fileID: 464818}
  - {fileID: 496000}
  - {fileID: 470506}
  - {fileID: 474022}
  - {fileID: 418310}
  - {fileID: 464534}
  - {fileID: 408428}
  - {fileID: 437344}
  - {fileID: 471682}
  - {fileID: 460452}
  - {fileID: 434800}
  - {fileID: 460970}
  - {fileID: 471778}
  - {fileID: 473838}
  - {fileID: 447802}
  - {fileID: 472500}
  - {fileID: 404402}
  - {fileID: 452254}
  - {fileID: 401736}
  - {fileID: 486972}
  - {fileID: 408220}
  - {fileID: 421676}
  - {fileID: 439262}
  - {fileID: 496128}
  - {fileID: 438236}
  - {fileID: 499580}
  - {fileID: 474508}
  - {fileID: 465258}
  - {fileID: 494192}
  - {fileID: 471524}
  m_Father: {fileID: 0}
  m_RootOrder: 0
--- !u!4 &416732
Transform:
  m_ObjectHideFlags: 1
  m_PrefabParentObject: {fileID: 0}
  m_PrefabInternal: {fileID: 100100000}
  m_GameObject: {fileID: 123058}
  m_LocalRotation: {x: .226854965, y: .669728994, z: .669728935, w: -.22685498}
  m_LocalPosition: {x: -11.7328157, y: -2.37973571, z: -14.2833214}
  m_LocalScale: {x: 20.0000019, y: 20.0000019, z: 20}
  m_Children: []
  m_Father: {fileID: 412558}
  m_RootOrder: 11
--- !u!4 &418310
Transform:
  m_ObjectHideFlags: 1
  m_PrefabParentObject: {fileID: 0}
  m_PrefabInternal: {fileID: 100100000}
  m_GameObject: {fileID: 106534}
  m_LocalRotation: {x: .125498846, y: .695880771, z: .695880771, w: -.125498846}
  m_LocalPosition: {x: 8.50643253, y: -1.69546676, z: .802549601}
  m_LocalScale: {x: 20, y: 20, z: 19.9999981}
  m_Children: []
  m_Father: {fileID: 412558}
  m_RootOrder: 27
--- !u!4 &421676
Transform:
  m_ObjectHideFlags: 1
  m_PrefabParentObject: {fileID: 0}
  m_PrefabInternal: {fileID: 100100000}
  m_GameObject: {fileID: 135568}
  m_LocalRotation: {x: .25475964, y: .659619212, z: .659619212, w: -.25475964}
  m_LocalPosition: {x: 3.84673142, y: -2.90167713, z: 8.10211182}
  m_LocalScale: {x: 25.0000038, y: 25.0000019, z: 25}
  m_Children: []
  m_Father: {fileID: 412558}
  m_RootOrder: 44
--- !u!4 &421856
Transform:
  m_ObjectHideFlags: 1
  m_PrefabParentObject: {fileID: 0}
  m_PrefabInternal: {fileID: 100100000}
  m_GameObject: {fileID: 126414}
  m_LocalRotation: {x: -.707106829, y: 0, z: -0, w: .707106709}
  m_LocalPosition: {x: -2.91491747, y: -1.15020537, z: 1.70287573}
  m_LocalScale: {x: 6.94679022, y: 6.9467907, z: 6.9467907}
  m_Children: []
  m_Father: {fileID: 412558}
  m_RootOrder: 3
--- !u!4 &427828
Transform:
  m_ObjectHideFlags: 1
  m_PrefabParentObject: {fileID: 0}
  m_PrefabInternal: {fileID: 100100000}
  m_GameObject: {fileID: 107142}
  m_LocalRotation: {x: .00688485475, y: -.155663103, z: -.0778817832, w: .98471117}
  m_LocalPosition: {x: -33.6708717, y: 4.81760073, z: -12.5212755}
  m_LocalScale: {x: 100.000015, y: 100, z: 100}
  m_Children: []
  m_Father: {fileID: 412558}
  m_RootOrder: 0
--- !u!4 &434644
Transform:
  m_ObjectHideFlags: 1
  m_PrefabParentObject: {fileID: 0}
  m_PrefabInternal: {fileID: 100100000}
  m_GameObject: {fileID: 193164}
  m_LocalRotation: {x: -.484263003, y: .515256703, z: .515255988, w: .484263659}
  m_LocalPosition: {x: 3.66360283, y: -2.37973571, z: -9.526474}
  m_LocalScale: {x: 20, y: 20, z: 19.9999981}
  m_Children: []
  m_Father: {fileID: 412558}
  m_RootOrder: 6
--- !u!4 &434800
Transform:
  m_ObjectHideFlags: 1
  m_PrefabParentObject: {fileID: 0}
  m_PrefabInternal: {fileID: 100100000}
  m_GameObject: {fileID: 103864}
  m_LocalRotation: {x: -.171892047, y: .68589586, z: .68589586, w: .171892032}
  m_LocalPosition: {x: -2.57077932, y: -1.69546676, z: 14.1210995}
  m_LocalScale: {x: 19.9999962, y: 19.9999962, z: 19.9999981}
  m_Children: []
  m_Father: {fileID: 412558}
  m_RootOrder: 33
--- !u!4 &436398
Transform:
  m_ObjectHideFlags: 1
  m_PrefabParentObject: {fileID: 0}
  m_PrefabInternal: {fileID: 100100000}
  m_GameObject: {fileID: 171526}
  m_LocalRotation: {x: -.332657546, y: .62397033, z: .62397027, w: .332657576}
  m_LocalPosition: {x: 11.7016077, y: -2.37973571, z: -8.07212543}
  m_LocalScale: {x: 19.9999981, y: 19.9999981, z: 19.9999981}
  m_Children: []
  m_Father: {fileID: 412558}
  m_RootOrder: 10
--- !u!4 &437344
Transform:
  m_ObjectHideFlags: 1
  m_PrefabParentObject: {fileID: 0}
  m_PrefabInternal: {fileID: 100100000}
  m_GameObject: {fileID: 143492}
  m_LocalRotation: {x: -.593024254, y: -.385126352, z: -.385126472, w: .593024075}
  m_LocalPosition: {x: -2.67723012, y: -1.69546676, z: -11.6441231}
  m_LocalScale: {x: 20, y: 20, z: 19.9999981}
  m_Children: []
  m_Father: {fileID: 412558}
  m_RootOrder: 30
--- !u!4 &438236
Transform:
  m_ObjectHideFlags: 1
  m_PrefabParentObject: {fileID: 0}
  m_PrefabInternal: {fileID: 100100000}
  m_GameObject: {fileID: 136804}
  m_LocalRotation: {x: .181468755, y: .683424532, z: .683424532, w: -.18146874}
  m_LocalPosition: {x: -5.45132971, y: -1.96807313, z: 10.5886974}
  m_LocalScale: {x: 24.9999981, y: 24.9999981, z: 25}
  m_Children: []
  m_Father: {fileID: 412558}
  m_RootOrder: 47
--- !u!4 &439262
Transform:
  m_ObjectHideFlags: 1
  m_PrefabParentObject: {fileID: 0}
  m_PrefabInternal: {fileID: 100100000}
  m_GameObject: {fileID: 111588}
  m_LocalRotation: {x: -.655125558, y: -.266102493, z: -.266102523, w: .655125499}
  m_LocalPosition: {x: 4.89700508, y: -2.90167713, z: -7.44562531}
  m_LocalScale: {x: 25.0000019, y: 25, z: 25}
  m_Children: []
  m_Father: {fileID: 412558}
  m_RootOrder: 45
--- !u!4 &439784
Transform:
  m_ObjectHideFlags: 1
  m_PrefabParentObject: {fileID: 0}
  m_PrefabInternal: {fileID: 100100000}
  m_GameObject: {fileID: 160084}
  m_LocalRotation: {x: -.707106829, y: 0, z: -0, w: .707106709}
  m_LocalPosition: {x: 6, y: -2.37973571, z: 7}
  m_LocalScale: {x: 19.9999981, y: 19.9999981, z: 19.9999981}
  m_Children: []
  m_Father: {fileID: 412558}
  m_RootOrder: 5
--- !u!4 &442558
Transform:
  m_ObjectHideFlags: 1
  m_PrefabParentObject: {fileID: 0}
  m_PrefabInternal: {fileID: 100100000}
  m_GameObject: {fileID: 128858}
  m_LocalRotation: {x: -.171892047, y: .68589586, z: .68589586, w: .171892032}
  m_LocalPosition: {x: -.531255484, y: -2.37973571, z: 10.6757393}
  m_LocalScale: {x: 19.9999962, y: 19.9999962, z: 19.9999981}
  m_Children: []
  m_Father: {fileID: 412558}
  m_RootOrder: 15
--- !u!4 &442820
Transform:
  m_ObjectHideFlags: 1
  m_PrefabParentObject: {fileID: 0}
  m_PrefabInternal: {fileID: 100100000}
  m_GameObject: {fileID: 146984}
  m_LocalRotation: {x: -.644498825, y: -.29089734, z: -.290897369, w: .644498825}
  m_LocalPosition: {x: -8.87648964, y: -2.37973571, z: 16.3411522}
  m_LocalScale: {x: 19.9999981, y: 20, z: 19.9999981}
  m_Children: []
  m_Father: {fileID: 412558}
  m_RootOrder: 7
--- !u!4 &447802
Transform:
  m_ObjectHideFlags: 1
  m_PrefabParentObject: {fileID: 0}
  m_PrefabInternal: {fileID: 100100000}
  m_GameObject: {fileID: 199016}
  m_LocalRotation: {x: -.0777619481, y: .702818036, z: .702817976, w: .0777619556}
  m_LocalPosition: {x: -4.70644188, y: -1.24990439, z: -2.4721396}
  m_LocalScale: {x: 35, y: 35, z: 35}
  m_Children: []
  m_Father: {fileID: 412558}
  m_RootOrder: 37
--- !u!4 &449482
Transform:
  m_ObjectHideFlags: 1
  m_PrefabParentObject: {fileID: 0}
  m_PrefabInternal: {fileID: 100100000}
  m_GameObject: {fileID: 113610}
  m_LocalRotation: {x: -.707106829, y: 0, z: -0, w: .707106709}
  m_LocalPosition: {x: -3.194484, y: -1.14615595, z: 2.07755327}
  m_LocalScale: {x: 9.97671413, y: 9.97671413, z: 9.97671413}
  m_Children: []
  m_Father: {fileID: 412558}
  m_RootOrder: 4
--- !u!4 &452254
Transform:
  m_ObjectHideFlags: 1
  m_PrefabParentObject: {fileID: 0}
  m_PrefabInternal: {fileID: 100100000}
  m_GameObject: {fileID: 188168}
  m_LocalRotation: {x: -.4187527, y: .569777369, z: .569777131, w: .418752849}
  m_LocalPosition: {x: .789912701, y: -1.97900259, z: .0751086473}
  m_LocalScale: {x: 35, y: 35, z: 35}
  m_Children: []
  m_Father: {fileID: 412558}
  m_RootOrder: 40
--- !u!4 &452422
Transform:
  m_ObjectHideFlags: 1
  m_PrefabParentObject: {fileID: 0}
  m_PrefabInternal: {fileID: 100100000}
  m_GameObject: {fileID: 152892}
  m_LocalRotation: {x: .0457864292, y: .705622852, z: .705622852, w: -.0457864255}
  m_LocalPosition: {x: -6.68459034, y: -1.10341489, z: -9.33201599}
  m_LocalScale: {x: 30, y: 29.9999981, z: 29.9999981}
  m_Children: []
  m_Father: {fileID: 412558}
  m_RootOrder: 20
--- !u!4 &453332
Transform:
  m_ObjectHideFlags: 1
  m_PrefabParentObject: {fileID: 0}
  m_PrefabInternal: {fileID: 100100000}
  m_GameObject: {fileID: 103354}
  m_LocalRotation: {x: -.707106829, y: 0, z: -0, w: .707106709}
  m_LocalPosition: {x: -3.71491718, y: -.781540573, z: 1.30287576}
  m_LocalScale: {x: 13.8935804, y: 13.8935814, z: 13.8935814}
  m_Children: []
  m_Father: {fileID: 412558}
  m_RootOrder: 2
--- !u!4 &453646
Transform:
  m_ObjectHideFlags: 1
  m_PrefabParentObject: {fileID: 0}
  m_PrefabInternal: {fileID: 100100000}
  m_GameObject: {fileID: 150662}
  m_LocalRotation: {x: -.683012724, y: -.183012724, z: -.183012724, w: .683012664}
  m_LocalPosition: {x: 3, y: -1.10341489, z: -3}
  m_LocalScale: {x: 29.9999962, y: 29.9999981, z: 29.9999981}
  m_Children: []
  m_Father: {fileID: 412558}
  m_RootOrder: 17
--- !u!4 &458622
Transform:
  m_ObjectHideFlags: 1
  m_PrefabParentObject: {fileID: 0}
  m_PrefabInternal: {fileID: 100100000}
  m_GameObject: {fileID: 142254}
  m_LocalRotation: {x: -.559899569, y: .431870878, z: .431870908, w: .559899569}
  m_LocalPosition: {x: 6.19827986, y: -2.37973571, z: 10.646533}
  m_LocalScale: {x: 20, y: 20, z: 19.9999981}
  m_Children: []
  m_Father: {fileID: 412558}
  m_RootOrder: 16
--- !u!4 &460452
Transform:
  m_ObjectHideFlags: 1
  m_PrefabParentObject: {fileID: 0}
  m_PrefabInternal: {fileID: 100100000}
  m_GameObject: {fileID: 157640}
  m_LocalRotation: {x: -.644498825, y: -.29089734, z: -.290897369, w: .644498825}
  m_LocalPosition: {x: -4.83512402, y: -1.69546676, z: 10.3409052}
  m_LocalScale: {x: 19.9999981, y: 20, z: 19.9999981}
  m_Children: []
  m_Father: {fileID: 412558}
  m_RootOrder: 32
--- !u!4 &460510
Transform:
  m_ObjectHideFlags: 1
  m_PrefabParentObject: {fileID: 0}
  m_PrefabInternal: {fileID: 100100000}
  m_GameObject: {fileID: 148730}
  m_LocalRotation: {x: -.644498825, y: -.29089734, z: -.290897369, w: .644498825}
  m_LocalPosition: {x: -7.94972324, y: -2.37973571, z: 12.8567419}
  m_LocalScale: {x: 19.9999981, y: 20, z: 19.9999981}
  m_Children: []
  m_Father: {fileID: 412558}
  m_RootOrder: 14
--- !u!4 &460762
Transform:
  m_ObjectHideFlags: 1
  m_PrefabParentObject: {fileID: 0}
  m_PrefabInternal: {fileID: 100100000}
  m_GameObject: {fileID: 199582}
  m_LocalRotation: {x: -.0588843524, y: .7046507, z: .70465076, w: .0588843487}
  m_LocalPosition: {x: 10.6541271, y: -1.10341489, z: 3.20356131}
  m_LocalScale: {x: 29.9999943, y: 29.9999962, z: 29.9999981}
  m_Children: []
  m_Father: {fileID: 412558}
  m_RootOrder: 18
--- !u!4 &460970
Transform:
  m_ObjectHideFlags: 1
  m_PrefabParentObject: {fileID: 0}
  m_PrefabInternal: {fileID: 100100000}
  m_GameObject: {fileID: 139700}
  m_LocalRotation: {x: -.559899569, y: .431870878, z: .431870908, w: .559899569}
  m_LocalPosition: {x: 2.37350631, y: -1.69546676, z: 9.46277809}
  m_LocalScale: {x: 20, y: 20, z: 19.9999981}
  m_Children: []
  m_Father: {fileID: 412558}
  m_RootOrder: 34
--- !u!4 &462478
Transform:
  m_ObjectHideFlags: 1
  m_PrefabParentObject: {fileID: 0}
  m_PrefabInternal: {fileID: 100100000}
  m_GameObject: {fileID: 109532}
  m_LocalRotation: {x: -.484263003, y: .515256703, z: .515255988, w: .484263659}
  m_LocalPosition: {x: .79327774, y: -2.37973571, z: -7.34444857}
  m_LocalScale: {x: 20, y: 20, z: 19.9999981}
  m_Children: []
  m_Father: {fileID: 412558}
  m_RootOrder: 13
--- !u!4 &464534
Transform:
  m_ObjectHideFlags: 1
  m_PrefabParentObject: {fileID: 0}
  m_PrefabInternal: {fileID: 100100000}
  m_GameObject: {fileID: 115364}
  m_LocalRotation: {x: -.332657546, y: .62397033, z: .62397027, w: .332657576}
  m_LocalPosition: {x: 8.2837286, y: -1.69546676, z: -5.98687601}
  m_LocalScale: {x: 19.9999981, y: 19.9999981, z: 19.9999981}
  m_Children: []
  m_Father: {fileID: 412558}
  m_RootOrder: 28
--- !u!4 &464818
Transform:
  m_ObjectHideFlags: 1
  m_PrefabParentObject: {fileID: 0}
  m_PrefabInternal: {fileID: 100100000}
  m_GameObject: {fileID: 145404}
  m_LocalRotation: {x: -.547248363, y: -.447793782, z: -.447793901, w: .547248185}
  m_LocalPosition: {x: -3.36171436, y: -1.10341489, z: 7.47620535}
  m_LocalScale: {x: 29.9999981, y: 29.9999981, z: 29.9999981}
  m_Children: []
  m_Father: {fileID: 412558}
  m_RootOrder: 23
--- !u!4 &464992
Transform:
  m_ObjectHideFlags: 1
  m_PrefabParentObject: {fileID: 0}
  m_PrefabInternal: {fileID: 100100000}
  m_GameObject: {fileID: 141668}
  m_LocalRotation: {x: .125498846, y: .695880771, z: .695880771, w: -.125498846}
  m_LocalPosition: {x: 7.27182341, y: -2.37973571, z: -3.00611115}
  m_LocalScale: {x: 20, y: 20, z: 19.9999981}
  m_Children: []
  m_Father: {fileID: 412558}
  m_RootOrder: 9
--- !u!4 &465258
Transform:
  m_ObjectHideFlags: 1
  m_PrefabParentObject: {fileID: 0}
  m_PrefabInternal: {fileID: 100100000}
  m_GameObject: {fileID: 136934}
  m_LocalRotation: {x: .914471626, y: -.300267518, z: .142632574, w: -.230731472}
  m_LocalPosition: {x: -6.96455002, y: 20.0213013, z: 13.2546053}
  m_LocalScale: {x: 100.000008, y: 100.000008, z: 100}
  m_Children: []
  m_Father: {fileID: 412558}
  m_RootOrder: 50
--- !u!4 &468796
Transform:
  m_ObjectHideFlags: 1
  m_PrefabParentObject: {fileID: 0}
  m_PrefabInternal: {fileID: 100100000}
  m_GameObject: {fileID: 198352}
  m_LocalRotation: {x: -.601120651, y: .372362733, z: .372362792, w: .601120532}
  m_LocalPosition: {x: -6.13131809, y: -1.10341489, z: -5.91267824}
  m_LocalScale: {x: 29.9999981, y: 30, z: 29.9999981}
  m_Children: []
  m_Father: {fileID: 412558}
  m_RootOrder: 22
--- !u!4 &470506
Transform:
  m_ObjectHideFlags: 1
  m_PrefabParentObject: {fileID: 0}
  m_PrefabInternal: {fileID: 100100000}
  m_GameObject: {fileID: 108832}
  m_LocalRotation: {x: -.652597845, y: .272242606, z: .272242635, w: .652597845}
  m_LocalPosition: {x: -.826192856, y: -1.10341489, z: 9.83610344}
  m_LocalScale: {x: 29.9999962, y: 30, z: 29.9999981}
  m_Children: []
  m_Father: {fileID: 412558}
  m_RootOrder: 25
--- !u!4 &471524
Transform:
  m_ObjectHideFlags: 1
  m_PrefabParentObject: {fileID: 0}
  m_PrefabInternal: {fileID: 100100000}
  m_GameObject: {fileID: 114122}
  m_LocalRotation: {x: -.707106829, y: 0, z: 0, w: .707106709}
  m_LocalPosition: {x: -54.2000008, y: -1.44007921, z: -2.22213745}
  m_LocalScale: {x: 625, y: 624.999756, z: 270.963043}
  m_Children: []
  m_Father: {fileID: 412558}
  m_RootOrder: 52
--- !u!4 &471682
Transform:
  m_ObjectHideFlags: 1
  m_PrefabParentObject: {fileID: 0}
  m_PrefabInternal: {fileID: 100100000}
  m_GameObject: {fileID: 142222}
  m_LocalRotation: {x: -.484263003, y: .515256703, z: .515255988, w: .484263659}
  m_LocalPosition: {x: -3.20979571, y: -1.69546676, z: -7.26993895}
  m_LocalScale: {x: 20, y: 20, z: 19.9999981}
  m_Children: []
  m_Father: {fileID: 412558}
  m_RootOrder: 31
--- !u!4 &471778
Transform:
  m_ObjectHideFlags: 1
  m_PrefabParentObject: {fileID: 0}
  m_PrefabInternal: {fileID: 100100000}
  m_GameObject: {fileID: 142172}
  m_LocalRotation: {x: -.707106829, y: 0, z: -0, w: .707106709}
  m_LocalPosition: {x: -2.20644188, y: -1.44007921, z: -2.2221396}
  m_LocalScale: {x: 625, y: 625, z: 270.963165}
  m_Children: []
  m_Father: {fileID: 412558}
  m_RootOrder: 35
--- !u!4 &472500
Transform:
  m_ObjectHideFlags: 1
  m_PrefabParentObject: {fileID: 0}
  m_PrefabInternal: {fileID: 100100000}
  m_GameObject: {fileID: 129844}
  m_LocalRotation: {x: -.660858274, y: -.251527965, z: -.251527935, w: .660858333}
  m_LocalPosition: {x: -2.64836431, y: -1.49990439, z: -4.93499231}
  m_LocalScale: {x: 24.9999981, y: 25, z: 25}
  m_Children: []
  m_Father: {fileID: 412558}
  m_RootOrder: 38
--- !u!4 &472586
Transform:
  m_ObjectHideFlags: 1
  m_PrefabParentObject: {fileID: 0}
  m_PrefabInternal: {fileID: 100100000}
  m_GameObject: {fileID: 135886}
  m_LocalRotation: {x: -.707106829, y: 0, z: -0, w: .707106709}
  m_LocalPosition: {x: 4, y: -2.37973571, z: 4}
  m_LocalScale: {x: 19.9999981, y: 19.9999981, z: 19.9999981}
  m_Children: []
  m_Father: {fileID: 412558}
  m_RootOrder: 8
--- !u!4 &472738
Transform:
  m_ObjectHideFlags: 1
  m_PrefabParentObject: {fileID: 0}
  m_PrefabInternal: {fileID: 100100000}
  m_GameObject: {fileID: 117550}
  m_LocalRotation: {x: .473139346, y: .52548945, z: .52548945, w: -.473139375}
  m_LocalPosition: {x: -.4138937, y: -1.10341489, z: -13.9364491}
  m_LocalScale: {x: 29.9999962, y: 30, z: 29.9999981}
  m_Children: []
  m_Father: {fileID: 412558}
  m_RootOrder: 21
--- !u!4 &473838
Transform:
  m_ObjectHideFlags: 1
  m_PrefabParentObject: {fileID: 0}
  m_PrefabInternal: {fileID: 100100000}
  m_GameObject: {fileID: 134280}
  m_LocalRotation: {x: -.707106829, y: 0, z: -0, w: .707106709}
  m_LocalPosition: {x: -2.20644188, y: -1.24990439, z: -2.2221396}
  m_LocalScale: {x: 25, y: 25.0000019, z: 25.0000019}
  m_Children: []
  m_Father: {fileID: 412558}
  m_RootOrder: 36
--- !u!4 &474022
Transform:
  m_ObjectHideFlags: 1
  m_PrefabParentObject: {fileID: 0}
  m_PrefabInternal: {fileID: 100100000}
  m_GameObject: {fileID: 123396}
  m_LocalRotation: {x: -.707106829, y: 0, z: -0, w: .707106709}
  m_LocalPosition: {x: 4.17364693, y: -1.69546676, z: 0}
  m_LocalScale: {x: 19.9999981, y: 19.9999981, z: 19.9999981}
  m_Children: []
  m_Father: {fileID: 412558}
  m_RootOrder: 26
--- !u!4 &474508
Transform:
  m_ObjectHideFlags: 1
  m_PrefabParentObject: {fileID: 0}
  m_PrefabInternal: {fileID: 100100000}
  m_GameObject: {fileID: 122456}
  m_LocalRotation: {x: -.69629389, y: 0, z: -0, w: .717756808}
  m_LocalPosition: {x: -10.237586, y: -2.03779221, z: 4.50174427}
  m_LocalScale: {x: 795.548706, y: 795.548767, z: 704.171753}
  m_Children: []
  m_Father: {fileID: 412558}
  m_RootOrder: 49
--- !u!4 &485230
Transform:
  m_ObjectHideFlags: 1
  m_PrefabParentObject: {fileID: 0}
  m_PrefabInternal: {fileID: 100100000}
  m_GameObject: {fileID: 194216}
  m_LocalRotation: {x: -.593024254, y: -.385126352, z: -.385126472, w: .593024075}
  m_LocalPosition: {x: -6.40208244, y: -2.37973571, z: -10.1759167}
  m_LocalScale: {x: 20, y: 20, z: 19.9999981}
  m_Children: []
  m_Father: {fileID: 412558}
  m_RootOrder: 12
--- !u!4 &486972
Transform:
  m_ObjectHideFlags: 1
  m_PrefabParentObject: {fileID: 0}
  m_PrefabInternal: {fileID: 100100000}
  m_GameObject: {fileID: 186318}
  m_LocalRotation: {x: .472732812, y: .525855243, z: .525854766, w: -.472733259}
  m_LocalPosition: {x: 1.10230482, y: -2.65167713, z: 8.25372314}
  m_LocalScale: {x: 25.0000019, y: 25.0000019, z: 25}
  m_Children: []
  m_Father: {fileID: 412558}
  m_RootOrder: 42
--- !u!4 &494192
Transform:
  m_ObjectHideFlags: 1
  m_PrefabParentObject: {fileID: 0}
  m_PrefabInternal: {fileID: 100100000}
  m_GameObject: {fileID: 168082}
  m_LocalRotation: {x: -.707106829, y: 0, z: 0, w: .707106709}
  m_LocalPosition: {x: 53.2000008, y: -1.44007921, z: -2.22213745}
  m_LocalScale: {x: 625, y: 624.999878, z: 270.963104}
  m_Children: []
  m_Father: {fileID: 412558}
  m_RootOrder: 51
--- !u!4 &496000
Transform:
  m_ObjectHideFlags: 1
  m_PrefabParentObject: {fileID: 0}
  m_PrefabInternal: {fileID: 100100000}
  m_GameObject: {fileID: 161438}
  m_LocalRotation: {x: -.343557745, y: .618035734, z: .618035614, w: .343557805}
  m_LocalPosition: {x: -2.95064235, y: -1.10341489, z: 17.3200283}
  m_LocalScale: {x: 29.9999962, y: 29.9999962, z: 29.9999981}
  m_Children: []
  m_Father: {fileID: 412558}
  m_RootOrder: 24
--- !u!4 &496128
Transform:
  m_ObjectHideFlags: 1
  m_PrefabParentObject: {fileID: 0}
  m_PrefabInternal: {fileID: 100100000}
  m_GameObject: {fileID: 126408}
  m_LocalRotation: {x: -.705331266, y: -.050078474, z: -.050078474, w: .705331206}
  m_LocalPosition: {x: -2.57122636, y: -1.96807313, z: -7.08734894}
  m_LocalScale: {x: 25, y: 25, z: 25}
  m_Children: []
  m_Father: {fileID: 412558}
  m_RootOrder: 46
--- !u!4 &499580
Transform:
  m_ObjectHideFlags: 1
  m_PrefabParentObject: {fileID: 0}
  m_PrefabInternal: {fileID: 100100000}
  m_GameObject: {fileID: 119520}
  m_LocalRotation: {x: -.0391582027, y: .706021726, z: .706021667, w: .0391582064}
  m_LocalPosition: {x: -11.1274166, y: -2.90167713, z: 15.455411}
  m_LocalScale: {x: 25, y: 25, z: 25}
  m_Children: []
  m_Father: {fileID: 412558}
  m_RootOrder: 48
--- !u!23 &2301474
MeshRenderer:
  m_ObjectHideFlags: 1
  m_PrefabParentObject: {fileID: 0}
  m_PrefabInternal: {fileID: 100100000}
  m_GameObject: {fileID: 143492}
  m_Enabled: 1
  m_CastShadows: 1
  m_ReceiveShadows: 1
  m_Materials:
  - {fileID: 2100000, guid: 32abbf436abb1734f972e645fc50319f, type: 2}
  - {fileID: 2100000, guid: 72c8ad2b52656d647af38fc65a8d6440, type: 2}
  m_SubsetIndices: 
  m_StaticBatchRoot: {fileID: 0}
  m_UseLightProbes: 1
  m_ReflectionProbeUsage: 1
  m_ProbeAnchor: {fileID: 0}
  m_ScaleInLightmap: 1
  m_PreserveUVs: 0
  m_ImportantGI: 0
  m_AutoUVMaxDistance: .5
  m_AutoUVMaxAngle: 89
  m_LightmapParameters: {fileID: 0}
  m_SortingLayerID: 0
  m_SortingOrder: 0
--- !u!23 &2303354
MeshRenderer:
  m_ObjectHideFlags: 1
  m_PrefabParentObject: {fileID: 0}
  m_PrefabInternal: {fileID: 100100000}
  m_GameObject: {fileID: 115364}
  m_Enabled: 1
  m_CastShadows: 1
  m_ReceiveShadows: 1
  m_Materials:
  - {fileID: 2100000, guid: 32abbf436abb1734f972e645fc50319f, type: 2}
  - {fileID: 2100000, guid: 72c8ad2b52656d647af38fc65a8d6440, type: 2}
  m_SubsetIndices: 
  m_StaticBatchRoot: {fileID: 0}
  m_UseLightProbes: 1
  m_ReflectionProbeUsage: 1
  m_ProbeAnchor: {fileID: 0}
  m_ScaleInLightmap: 1
  m_PreserveUVs: 0
  m_ImportantGI: 0
  m_AutoUVMaxDistance: .5
  m_AutoUVMaxAngle: 89
  m_LightmapParameters: {fileID: 0}
  m_SortingLayerID: 0
  m_SortingOrder: 0
--- !u!23 &2304224
MeshRenderer:
  m_ObjectHideFlags: 1
  m_PrefabParentObject: {fileID: 0}
  m_PrefabInternal: {fileID: 100100000}
  m_GameObject: {fileID: 109532}
  m_Enabled: 1
  m_CastShadows: 1
  m_ReceiveShadows: 1
  m_Materials:
  - {fileID: 2100000, guid: 32abbf436abb1734f972e645fc50319f, type: 2}
  - {fileID: 2100000, guid: 72c8ad2b52656d647af38fc65a8d6440, type: 2}
  m_SubsetIndices: 
  m_StaticBatchRoot: {fileID: 0}
  m_UseLightProbes: 1
  m_ReflectionProbeUsage: 1
  m_ProbeAnchor: {fileID: 0}
  m_ScaleInLightmap: 1
  m_PreserveUVs: 0
  m_ImportantGI: 0
  m_AutoUVMaxDistance: .5
  m_AutoUVMaxAngle: 89
  m_LightmapParameters: {fileID: 0}
  m_SortingLayerID: 0
  m_SortingOrder: 0
--- !u!23 &2306040
MeshRenderer:
  m_ObjectHideFlags: 1
  m_PrefabParentObject: {fileID: 0}
  m_PrefabInternal: {fileID: 100100000}
  m_GameObject: {fileID: 135886}
  m_Enabled: 1
  m_CastShadows: 1
  m_ReceiveShadows: 1
  m_Materials:
  - {fileID: 2100000, guid: 32abbf436abb1734f972e645fc50319f, type: 2}
  - {fileID: 2100000, guid: 72c8ad2b52656d647af38fc65a8d6440, type: 2}
  m_SubsetIndices: 
  m_StaticBatchRoot: {fileID: 0}
  m_UseLightProbes: 1
  m_ReflectionProbeUsage: 1
  m_ProbeAnchor: {fileID: 0}
  m_ScaleInLightmap: 1
  m_PreserveUVs: 0
  m_ImportantGI: 0
  m_AutoUVMaxDistance: .5
  m_AutoUVMaxAngle: 89
  m_LightmapParameters: {fileID: 0}
  m_SortingLayerID: 0
  m_SortingOrder: 0
--- !u!23 &2306144
MeshRenderer:
  m_ObjectHideFlags: 1
  m_PrefabParentObject: {fileID: 0}
  m_PrefabInternal: {fileID: 100100000}
  m_GameObject: {fileID: 139700}
  m_Enabled: 1
  m_CastShadows: 1
  m_ReceiveShadows: 1
  m_Materials:
  - {fileID: 2100000, guid: 32abbf436abb1734f972e645fc50319f, type: 2}
  - {fileID: 2100000, guid: 72c8ad2b52656d647af38fc65a8d6440, type: 2}
  m_SubsetIndices: 
  m_StaticBatchRoot: {fileID: 0}
  m_UseLightProbes: 1
  m_ReflectionProbeUsage: 1
  m_ProbeAnchor: {fileID: 0}
  m_ScaleInLightmap: 1
  m_PreserveUVs: 0
  m_ImportantGI: 0
  m_AutoUVMaxDistance: .5
  m_AutoUVMaxAngle: 89
  m_LightmapParameters: {fileID: 0}
  m_SortingLayerID: 0
  m_SortingOrder: 0
--- !u!23 &2306820
MeshRenderer:
  m_ObjectHideFlags: 1
  m_PrefabParentObject: {fileID: 0}
  m_PrefabInternal: {fileID: 100100000}
  m_GameObject: {fileID: 119374}
  m_Enabled: 1
  m_CastShadows: 1
  m_ReceiveShadows: 1
  m_Materials:
  - {fileID: 2100000, guid: 94aa044bad8056b4a9db34398fa8b811, type: 2}
  m_SubsetIndices: 
  m_StaticBatchRoot: {fileID: 0}
  m_UseLightProbes: 1
  m_ReflectionProbeUsage: 1
  m_ProbeAnchor: {fileID: 0}
  m_ScaleInLightmap: 1
  m_PreserveUVs: 0
  m_ImportantGI: 0
  m_AutoUVMaxDistance: .5
  m_AutoUVMaxAngle: 89
  m_LightmapParameters: {fileID: 0}
  m_SortingLayerID: 0
  m_SortingOrder: 0
--- !u!23 &2308308
MeshRenderer:
  m_ObjectHideFlags: 1
  m_PrefabParentObject: {fileID: 0}
  m_PrefabInternal: {fileID: 100100000}
  m_GameObject: {fileID: 122456}
  m_Enabled: 1
  m_CastShadows: 1
  m_ReceiveShadows: 1
  m_Materials:
  - {fileID: 2100000, guid: 7a7c6d455802d284d9cf025d504636a9, type: 2}
  m_SubsetIndices: 
  m_StaticBatchRoot: {fileID: 0}
  m_UseLightProbes: 1
  m_ReflectionProbeUsage: 1
  m_ProbeAnchor: {fileID: 0}
  m_ScaleInLightmap: 1
  m_PreserveUVs: 0
  m_ImportantGI: 0
  m_AutoUVMaxDistance: .5
  m_AutoUVMaxAngle: 89
  m_LightmapParameters: {fileID: 0}
  m_SortingLayerID: 0
  m_SortingOrder: 0
--- !u!23 &2308544
MeshRenderer:
  m_ObjectHideFlags: 1
  m_PrefabParentObject: {fileID: 0}
  m_PrefabInternal: {fileID: 100100000}
  m_GameObject: {fileID: 134280}
  m_Enabled: 1
  m_CastShadows: 1
  m_ReceiveShadows: 1
  m_Materials:
  - {fileID: 2100000, guid: 94aa044bad8056b4a9db34398fa8b811, type: 2}
  m_SubsetIndices: 
  m_StaticBatchRoot: {fileID: 0}
  m_UseLightProbes: 1
  m_ReflectionProbeUsage: 1
  m_ProbeAnchor: {fileID: 0}
  m_ScaleInLightmap: 1
  m_PreserveUVs: 0
  m_ImportantGI: 0
  m_AutoUVMaxDistance: .5
  m_AutoUVMaxAngle: 89
  m_LightmapParameters: {fileID: 0}
  m_SortingLayerID: 0
  m_SortingOrder: 0
--- !u!23 &2310566
MeshRenderer:
  m_ObjectHideFlags: 1
  m_PrefabParentObject: {fileID: 0}
  m_PrefabInternal: {fileID: 100100000}
  m_GameObject: {fileID: 123058}
  m_Enabled: 1
  m_CastShadows: 1
  m_ReceiveShadows: 1
  m_Materials:
  - {fileID: 2100000, guid: 32abbf436abb1734f972e645fc50319f, type: 2}
  - {fileID: 2100000, guid: 72c8ad2b52656d647af38fc65a8d6440, type: 2}
  m_SubsetIndices: 
  m_StaticBatchRoot: {fileID: 0}
  m_UseLightProbes: 1
  m_ReflectionProbeUsage: 1
  m_ProbeAnchor: {fileID: 0}
  m_ScaleInLightmap: 1
  m_PreserveUVs: 0
  m_ImportantGI: 0
  m_AutoUVMaxDistance: .5
  m_AutoUVMaxAngle: 89
  m_LightmapParameters: {fileID: 0}
  m_SortingLayerID: 0
  m_SortingOrder: 0
--- !u!23 &2312222
MeshRenderer:
  m_ObjectHideFlags: 1
  m_PrefabParentObject: {fileID: 0}
  m_PrefabInternal: {fileID: 100100000}
  m_GameObject: {fileID: 110672}
  m_Enabled: 1
  m_CastShadows: 1
  m_ReceiveShadows: 1
  m_Materials:
  - {fileID: 2100000, guid: 94aa044bad8056b4a9db34398fa8b811, type: 2}
  m_SubsetIndices: 
  m_StaticBatchRoot: {fileID: 0}
  m_UseLightProbes: 1
  m_ReflectionProbeUsage: 1
  m_ProbeAnchor: {fileID: 0}
  m_ScaleInLightmap: 1
  m_PreserveUVs: 0
  m_ImportantGI: 0
  m_AutoUVMaxDistance: .5
  m_AutoUVMaxAngle: 89
  m_LightmapParameters: {fileID: 0}
  m_SortingLayerID: 0
  m_SortingOrder: 0
--- !u!23 &2312664
MeshRenderer:
  m_ObjectHideFlags: 1
  m_PrefabParentObject: {fileID: 0}
  m_PrefabInternal: {fileID: 100100000}
  m_GameObject: {fileID: 195758}
  m_Enabled: 1
  m_CastShadows: 1
  m_ReceiveShadows: 1
  m_Materials:
  - {fileID: 2100000, guid: 32abbf436abb1734f972e645fc50319f, type: 2}
  - {fileID: 2100000, guid: 72c8ad2b52656d647af38fc65a8d6440, type: 2}
  m_SubsetIndices: 
  m_StaticBatchRoot: {fileID: 0}
  m_UseLightProbes: 1
  m_ReflectionProbeUsage: 1
  m_ProbeAnchor: {fileID: 0}
  m_ScaleInLightmap: 1
  m_PreserveUVs: 0
  m_ImportantGI: 0
  m_AutoUVMaxDistance: .5
  m_AutoUVMaxAngle: 89
  m_LightmapParameters: {fileID: 0}
  m_SortingLayerID: 0
  m_SortingOrder: 0
--- !u!23 &2312938
MeshRenderer:
  m_ObjectHideFlags: 1
  m_PrefabParentObject: {fileID: 0}
  m_PrefabInternal: {fileID: 100100000}
  m_GameObject: {fileID: 116000}
  m_Enabled: 1
  m_CastShadows: 1
  m_ReceiveShadows: 1
  m_Materials:
  - {fileID: 2100000, guid: 94aa044bad8056b4a9db34398fa8b811, type: 2}
  m_SubsetIndices: 
  m_StaticBatchRoot: {fileID: 0}
  m_UseLightProbes: 1
  m_ReflectionProbeUsage: 1
  m_ProbeAnchor: {fileID: 0}
  m_ScaleInLightmap: 1
  m_PreserveUVs: 0
  m_ImportantGI: 0
  m_AutoUVMaxDistance: .5
  m_AutoUVMaxAngle: 89
  m_LightmapParameters: {fileID: 0}
  m_SortingLayerID: 0
  m_SortingOrder: 0
--- !u!23 &2318974
MeshRenderer:
  m_ObjectHideFlags: 1
  m_PrefabParentObject: {fileID: 0}
  m_PrefabInternal: {fileID: 100100000}
  m_GameObject: {fileID: 199582}
  m_Enabled: 1
  m_CastShadows: 1
  m_ReceiveShadows: 1
  m_Materials:
  - {fileID: 2100000, guid: 32abbf436abb1734f972e645fc50319f, type: 2}
  - {fileID: 2100000, guid: 72c8ad2b52656d647af38fc65a8d6440, type: 2}
  m_SubsetIndices: 
  m_StaticBatchRoot: {fileID: 0}
  m_UseLightProbes: 1
  m_ReflectionProbeUsage: 1
  m_ProbeAnchor: {fileID: 0}
  m_ScaleInLightmap: 1
  m_PreserveUVs: 0
  m_ImportantGI: 0
  m_AutoUVMaxDistance: .5
  m_AutoUVMaxAngle: 89
  m_LightmapParameters: {fileID: 0}
  m_SortingLayerID: 0
  m_SortingOrder: 0
--- !u!23 &2323592
MeshRenderer:
  m_ObjectHideFlags: 1
  m_PrefabParentObject: {fileID: 0}
  m_PrefabInternal: {fileID: 100100000}
  m_GameObject: {fileID: 111588}
  m_Enabled: 1
  m_CastShadows: 1
  m_ReceiveShadows: 1
  m_Materials:
  - {fileID: 2100000, guid: 94aa044bad8056b4a9db34398fa8b811, type: 2}
  m_SubsetIndices: 
  m_StaticBatchRoot: {fileID: 0}
  m_UseLightProbes: 1
  m_ReflectionProbeUsage: 1
  m_ProbeAnchor: {fileID: 0}
  m_ScaleInLightmap: 1
  m_PreserveUVs: 0
  m_ImportantGI: 0
  m_AutoUVMaxDistance: .5
  m_AutoUVMaxAngle: 89
  m_LightmapParameters: {fileID: 0}
  m_SortingLayerID: 0
  m_SortingOrder: 0
--- !u!23 &2324016
MeshRenderer:
  m_ObjectHideFlags: 1
  m_PrefabParentObject: {fileID: 0}
  m_PrefabInternal: {fileID: 100100000}
  m_GameObject: {fileID: 135568}
  m_Enabled: 1
  m_CastShadows: 1
  m_ReceiveShadows: 1
  m_Materials:
  - {fileID: 2100000, guid: 94aa044bad8056b4a9db34398fa8b811, type: 2}
  m_SubsetIndices: 
  m_StaticBatchRoot: {fileID: 0}
  m_UseLightProbes: 1
  m_ReflectionProbeUsage: 1
  m_ProbeAnchor: {fileID: 0}
  m_ScaleInLightmap: 1
  m_PreserveUVs: 0
  m_ImportantGI: 0
  m_AutoUVMaxDistance: .5
  m_AutoUVMaxAngle: 89
  m_LightmapParameters: {fileID: 0}
  m_SortingLayerID: 0
  m_SortingOrder: 0
--- !u!23 &2327554
MeshRenderer:
  m_ObjectHideFlags: 1
  m_PrefabParentObject: {fileID: 0}
  m_PrefabInternal: {fileID: 100100000}
  m_GameObject: {fileID: 198352}
  m_Enabled: 1
  m_CastShadows: 1
  m_ReceiveShadows: 1
  m_Materials:
  - {fileID: 2100000, guid: 32abbf436abb1734f972e645fc50319f, type: 2}
  - {fileID: 2100000, guid: 72c8ad2b52656d647af38fc65a8d6440, type: 2}
  m_SubsetIndices: 
  m_StaticBatchRoot: {fileID: 0}
  m_UseLightProbes: 1
  m_ReflectionProbeUsage: 1
  m_ProbeAnchor: {fileID: 0}
  m_ScaleInLightmap: 1
  m_PreserveUVs: 0
  m_ImportantGI: 0
  m_AutoUVMaxDistance: .5
  m_AutoUVMaxAngle: 89
  m_LightmapParameters: {fileID: 0}
  m_SortingLayerID: 0
  m_SortingOrder: 0
--- !u!23 &2328676
MeshRenderer:
  m_ObjectHideFlags: 1
  m_PrefabParentObject: {fileID: 0}
  m_PrefabInternal: {fileID: 100100000}
  m_GameObject: {fileID: 171526}
  m_Enabled: 1
  m_CastShadows: 1
  m_ReceiveShadows: 1
  m_Materials:
  - {fileID: 2100000, guid: 32abbf436abb1734f972e645fc50319f, type: 2}
  - {fileID: 2100000, guid: 72c8ad2b52656d647af38fc65a8d6440, type: 2}
  m_SubsetIndices: 
  m_StaticBatchRoot: {fileID: 0}
  m_UseLightProbes: 1
  m_ReflectionProbeUsage: 1
  m_ProbeAnchor: {fileID: 0}
  m_ScaleInLightmap: 1
  m_PreserveUVs: 0
  m_ImportantGI: 0
  m_AutoUVMaxDistance: .5
  m_AutoUVMaxAngle: 89
  m_LightmapParameters: {fileID: 0}
  m_SortingLayerID: 0
  m_SortingOrder: 0
--- !u!23 &2329174
MeshRenderer:
  m_ObjectHideFlags: 1
  m_PrefabParentObject: {fileID: 0}
  m_PrefabInternal: {fileID: 100100000}
  m_GameObject: {fileID: 161438}
  m_Enabled: 1
  m_CastShadows: 1
  m_ReceiveShadows: 1
  m_Materials:
  - {fileID: 2100000, guid: 32abbf436abb1734f972e645fc50319f, type: 2}
  - {fileID: 2100000, guid: 72c8ad2b52656d647af38fc65a8d6440, type: 2}
  m_SubsetIndices: 
  m_StaticBatchRoot: {fileID: 0}
  m_UseLightProbes: 1
  m_ReflectionProbeUsage: 1
  m_ProbeAnchor: {fileID: 0}
  m_ScaleInLightmap: 1
  m_PreserveUVs: 0
  m_ImportantGI: 0
  m_AutoUVMaxDistance: .5
  m_AutoUVMaxAngle: 89
  m_LightmapParameters: {fileID: 0}
  m_SortingLayerID: 0
  m_SortingOrder: 0
--- !u!23 &2331154
MeshRenderer:
  m_ObjectHideFlags: 1
  m_PrefabParentObject: {fileID: 0}
  m_PrefabInternal: {fileID: 100100000}
  m_GameObject: {fileID: 146984}
  m_Enabled: 1
  m_CastShadows: 1
  m_ReceiveShadows: 1
  m_Materials:
  - {fileID: 2100000, guid: 32abbf436abb1734f972e645fc50319f, type: 2}
  - {fileID: 2100000, guid: 72c8ad2b52656d647af38fc65a8d6440, type: 2}
  m_SubsetIndices: 
  m_StaticBatchRoot: {fileID: 0}
  m_UseLightProbes: 1
  m_ReflectionProbeUsage: 1
  m_ProbeAnchor: {fileID: 0}
  m_ScaleInLightmap: 1
  m_PreserveUVs: 0
  m_ImportantGI: 0
  m_AutoUVMaxDistance: .5
  m_AutoUVMaxAngle: 89
  m_LightmapParameters: {fileID: 0}
  m_SortingLayerID: 0
  m_SortingOrder: 0
--- !u!23 &2334010
MeshRenderer:
  m_ObjectHideFlags: 1
  m_PrefabParentObject: {fileID: 0}
  m_PrefabInternal: {fileID: 100100000}
  m_GameObject: {fileID: 103354}
  m_Enabled: 1
  m_CastShadows: 1
  m_ReceiveShadows: 1
  m_Materials:
  - {fileID: 2100000, guid: 6468e757f4ec1cb46bb7e07394123198, type: 2}
  m_SubsetIndices: 
  m_StaticBatchRoot: {fileID: 0}
  m_UseLightProbes: 1
  m_ReflectionProbeUsage: 1
  m_ProbeAnchor: {fileID: 0}
  m_ScaleInLightmap: 1
  m_PreserveUVs: 0
  m_ImportantGI: 0
  m_AutoUVMaxDistance: .5
  m_AutoUVMaxAngle: 89
  m_LightmapParameters: {fileID: 0}
  m_SortingLayerID: 0
  m_SortingOrder: 0
--- !u!23 &2335214
MeshRenderer:
  m_ObjectHideFlags: 1
  m_PrefabParentObject: {fileID: 0}
  m_PrefabInternal: {fileID: 100100000}
  m_GameObject: {fileID: 193164}
  m_Enabled: 1
  m_CastShadows: 1
  m_ReceiveShadows: 1
  m_Materials:
  - {fileID: 2100000, guid: 32abbf436abb1734f972e645fc50319f, type: 2}
  - {fileID: 2100000, guid: 72c8ad2b52656d647af38fc65a8d6440, type: 2}
  m_SubsetIndices: 
  m_StaticBatchRoot: {fileID: 0}
  m_UseLightProbes: 1
  m_ReflectionProbeUsage: 1
  m_ProbeAnchor: {fileID: 0}
  m_ScaleInLightmap: 1
  m_PreserveUVs: 0
  m_ImportantGI: 0
  m_AutoUVMaxDistance: .5
  m_AutoUVMaxAngle: 89
  m_LightmapParameters: {fileID: 0}
  m_SortingLayerID: 0
  m_SortingOrder: 0
--- !u!23 &2335362
MeshRenderer:
  m_ObjectHideFlags: 1
  m_PrefabParentObject: {fileID: 0}
  m_PrefabInternal: {fileID: 100100000}
  m_GameObject: {fileID: 142172}
  m_Enabled: 1
  m_CastShadows: 1
  m_ReceiveShadows: 1
  m_Materials:
  - {fileID: 2100000, guid: 92437c924e53d0a47981867c4aaa557e, type: 2}
  m_SubsetIndices: 
  m_StaticBatchRoot: {fileID: 0}
  m_UseLightProbes: 1
  m_ReflectionProbeUsage: 1
  m_ProbeAnchor: {fileID: 0}
  m_ScaleInLightmap: 1
  m_PreserveUVs: 0
  m_ImportantGI: 0
  m_AutoUVMaxDistance: .5
  m_AutoUVMaxAngle: 89
  m_LightmapParameters: {fileID: 0}
  m_SortingLayerID: 0
  m_SortingOrder: 0
--- !u!23 &2338830
MeshRenderer:
  m_ObjectHideFlags: 1
  m_PrefabParentObject: {fileID: 0}
  m_PrefabInternal: {fileID: 100100000}
  m_GameObject: {fileID: 117550}
  m_Enabled: 1
  m_CastShadows: 1
  m_ReceiveShadows: 1
  m_Materials:
  - {fileID: 2100000, guid: 32abbf436abb1734f972e645fc50319f, type: 2}
  - {fileID: 2100000, guid: 72c8ad2b52656d647af38fc65a8d6440, type: 2}
  m_SubsetIndices: 
  m_StaticBatchRoot: {fileID: 0}
  m_UseLightProbes: 1
  m_ReflectionProbeUsage: 1
  m_ProbeAnchor: {fileID: 0}
  m_ScaleInLightmap: 1
  m_PreserveUVs: 0
  m_ImportantGI: 0
  m_AutoUVMaxDistance: .5
  m_AutoUVMaxAngle: 89
  m_LightmapParameters: {fileID: 0}
  m_SortingLayerID: 0
  m_SortingOrder: 0
--- !u!23 &2339748
MeshRenderer:
  m_ObjectHideFlags: 1
  m_PrefabParentObject: {fileID: 0}
  m_PrefabInternal: {fileID: 100100000}
  m_GameObject: {fileID: 157640}
  m_Enabled: 1
  m_CastShadows: 1
  m_ReceiveShadows: 1
  m_Materials:
  - {fileID: 2100000, guid: 32abbf436abb1734f972e645fc50319f, type: 2}
  - {fileID: 2100000, guid: 72c8ad2b52656d647af38fc65a8d6440, type: 2}
  m_SubsetIndices: 
  m_StaticBatchRoot: {fileID: 0}
  m_UseLightProbes: 1
  m_ReflectionProbeUsage: 1
  m_ProbeAnchor: {fileID: 0}
  m_ScaleInLightmap: 1
  m_PreserveUVs: 0
  m_ImportantGI: 0
  m_AutoUVMaxDistance: .5
  m_AutoUVMaxAngle: 89
  m_LightmapParameters: {fileID: 0}
  m_SortingLayerID: 0
  m_SortingOrder: 0
--- !u!23 &2341402
MeshRenderer:
  m_ObjectHideFlags: 1
  m_PrefabParentObject: {fileID: 0}
  m_PrefabInternal: {fileID: 100100000}
  m_GameObject: {fileID: 141668}
  m_Enabled: 1
  m_CastShadows: 1
  m_ReceiveShadows: 1
  m_Materials:
  - {fileID: 2100000, guid: 32abbf436abb1734f972e645fc50319f, type: 2}
  - {fileID: 2100000, guid: 72c8ad2b52656d647af38fc65a8d6440, type: 2}
  m_SubsetIndices: 
  m_StaticBatchRoot: {fileID: 0}
  m_UseLightProbes: 1
  m_ReflectionProbeUsage: 1
  m_ProbeAnchor: {fileID: 0}
  m_ScaleInLightmap: 1
  m_PreserveUVs: 0
  m_ImportantGI: 0
  m_AutoUVMaxDistance: .5
  m_AutoUVMaxAngle: 89
  m_LightmapParameters: {fileID: 0}
  m_SortingLayerID: 0
  m_SortingOrder: 0
--- !u!23 &2343982
MeshRenderer:
  m_ObjectHideFlags: 1
  m_PrefabParentObject: {fileID: 0}
  m_PrefabInternal: {fileID: 100100000}
  m_GameObject: {fileID: 160084}
  m_Enabled: 1
  m_CastShadows: 1
  m_ReceiveShadows: 1
  m_Materials:
  - {fileID: 2100000, guid: 32abbf436abb1734f972e645fc50319f, type: 2}
  - {fileID: 2100000, guid: 72c8ad2b52656d647af38fc65a8d6440, type: 2}
  m_SubsetIndices: 
  m_StaticBatchRoot: {fileID: 0}
  m_UseLightProbes: 1
  m_ReflectionProbeUsage: 1
  m_ProbeAnchor: {fileID: 0}
  m_ScaleInLightmap: 1
  m_PreserveUVs: 0
  m_ImportantGI: 0
  m_AutoUVMaxDistance: .5
  m_AutoUVMaxAngle: 89
  m_LightmapParameters: {fileID: 0}
  m_SortingLayerID: 0
  m_SortingOrder: 0
--- !u!23 &2345656
MeshRenderer:
  m_ObjectHideFlags: 1
  m_PrefabParentObject: {fileID: 0}
  m_PrefabInternal: {fileID: 100100000}
  m_GameObject: {fileID: 141156}
  m_Enabled: 1
  m_CastShadows: 1
  m_ReceiveShadows: 1
  m_Materials:
  - {fileID: 2100000, guid: fbc940da8d4986c418386c557982365e, type: 2}
  m_SubsetIndices: 
  m_StaticBatchRoot: {fileID: 0}
  m_UseLightProbes: 1
  m_ReflectionProbeUsage: 1
  m_ProbeAnchor: {fileID: 0}
  m_ScaleInLightmap: 1
  m_PreserveUVs: 0
  m_ImportantGI: 0
  m_AutoUVMaxDistance: .5
  m_AutoUVMaxAngle: 89
  m_LightmapParameters: {fileID: 0}
  m_SortingLayerID: 0
  m_SortingOrder: 0
--- !u!23 &2346070
MeshRenderer:
  m_ObjectHideFlags: 1
  m_PrefabParentObject: {fileID: 0}
  m_PrefabInternal: {fileID: 100100000}
  m_GameObject: {fileID: 150662}
  m_Enabled: 1
  m_CastShadows: 1
  m_ReceiveShadows: 1
  m_Materials:
  - {fileID: 2100000, guid: 32abbf436abb1734f972e645fc50319f, type: 2}
  - {fileID: 2100000, guid: 72c8ad2b52656d647af38fc65a8d6440, type: 2}
  m_SubsetIndices: 
  m_StaticBatchRoot: {fileID: 0}
  m_UseLightProbes: 1
  m_ReflectionProbeUsage: 1
  m_ProbeAnchor: {fileID: 0}
  m_ScaleInLightmap: 1
  m_PreserveUVs: 0
  m_ImportantGI: 0
  m_AutoUVMaxDistance: .5
  m_AutoUVMaxAngle: 89
  m_LightmapParameters: {fileID: 0}
  m_SortingLayerID: 0
  m_SortingOrder: 0
--- !u!23 &2347474
MeshRenderer:
  m_ObjectHideFlags: 1
  m_PrefabParentObject: {fileID: 0}
  m_PrefabInternal: {fileID: 100100000}
  m_GameObject: {fileID: 148730}
  m_Enabled: 1
  m_CastShadows: 1
  m_ReceiveShadows: 1
  m_Materials:
  - {fileID: 2100000, guid: 32abbf436abb1734f972e645fc50319f, type: 2}
  - {fileID: 2100000, guid: 72c8ad2b52656d647af38fc65a8d6440, type: 2}
  m_SubsetIndices: 
  m_StaticBatchRoot: {fileID: 0}
  m_UseLightProbes: 1
  m_ReflectionProbeUsage: 1
  m_ProbeAnchor: {fileID: 0}
  m_ScaleInLightmap: 1
  m_PreserveUVs: 0
  m_ImportantGI: 0
  m_AutoUVMaxDistance: .5
  m_AutoUVMaxAngle: 89
  m_LightmapParameters: {fileID: 0}
  m_SortingLayerID: 0
  m_SortingOrder: 0
--- !u!23 &2353762
MeshRenderer:
  m_ObjectHideFlags: 1
  m_PrefabParentObject: {fileID: 0}
  m_PrefabInternal: {fileID: 100100000}
  m_GameObject: {fileID: 123396}
  m_Enabled: 1
  m_CastShadows: 1
  m_ReceiveShadows: 1
  m_Materials:
  - {fileID: 2100000, guid: 32abbf436abb1734f972e645fc50319f, type: 2}
  - {fileID: 2100000, guid: 72c8ad2b52656d647af38fc65a8d6440, type: 2}
  m_SubsetIndices: 
  m_StaticBatchRoot: {fileID: 0}
  m_UseLightProbes: 1
  m_ReflectionProbeUsage: 1
  m_ProbeAnchor: {fileID: 0}
  m_ScaleInLightmap: 1
  m_PreserveUVs: 0
  m_ImportantGI: 0
  m_AutoUVMaxDistance: .5
  m_AutoUVMaxAngle: 89
  m_LightmapParameters: {fileID: 0}
  m_SortingLayerID: 0
  m_SortingOrder: 0
--- !u!23 &2354248
MeshRenderer:
  m_ObjectHideFlags: 1
  m_PrefabParentObject: {fileID: 0}
  m_PrefabInternal: {fileID: 100100000}
  m_GameObject: {fileID: 128858}
  m_Enabled: 1
  m_CastShadows: 1
  m_ReceiveShadows: 1
  m_Materials:
  - {fileID: 2100000, guid: 32abbf436abb1734f972e645fc50319f, type: 2}
  - {fileID: 2100000, guid: 72c8ad2b52656d647af38fc65a8d6440, type: 2}
  m_SubsetIndices: 
  m_StaticBatchRoot: {fileID: 0}
  m_UseLightProbes: 1
  m_ReflectionProbeUsage: 1
  m_ProbeAnchor: {fileID: 0}
  m_ScaleInLightmap: 1
  m_PreserveUVs: 0
  m_ImportantGI: 0
  m_AutoUVMaxDistance: .5
  m_AutoUVMaxAngle: 89
  m_LightmapParameters: {fileID: 0}
  m_SortingLayerID: 0
  m_SortingOrder: 0
--- !u!23 &2355406
MeshRenderer:
  m_ObjectHideFlags: 1
  m_PrefabParentObject: {fileID: 0}
  m_PrefabInternal: {fileID: 100100000}
  m_GameObject: {fileID: 114122}
  m_Enabled: 1
  m_CastShadows: 1
  m_ReceiveShadows: 1
  m_Materials:
  - {fileID: 2100000, guid: 92437c924e53d0a47981867c4aaa557e, type: 2}
  m_SubsetIndices: 
  m_StaticBatchRoot: {fileID: 0}
  m_UseLightProbes: 1
  m_ReflectionProbeUsage: 1
  m_ProbeAnchor: {fileID: 0}
  m_ScaleInLightmap: 1
  m_PreserveUVs: 0
  m_ImportantGI: 0
  m_AutoUVMaxDistance: .5
  m_AutoUVMaxAngle: 89
  m_LightmapParameters: {fileID: 0}
  m_SortingLayerID: 0
  m_SortingOrder: 0
--- !u!23 &2358790
MeshRenderer:
  m_ObjectHideFlags: 1
  m_PrefabParentObject: {fileID: 0}
  m_PrefabInternal: {fileID: 100100000}
  m_GameObject: {fileID: 168082}
  m_Enabled: 1
  m_CastShadows: 1
  m_ReceiveShadows: 1
  m_Materials:
  - {fileID: 2100000, guid: 92437c924e53d0a47981867c4aaa557e, type: 2}
  m_SubsetIndices: 
  m_StaticBatchRoot: {fileID: 0}
  m_UseLightProbes: 1
  m_ReflectionProbeUsage: 1
  m_ProbeAnchor: {fileID: 0}
  m_ScaleInLightmap: 1
  m_PreserveUVs: 0
  m_ImportantGI: 0
  m_AutoUVMaxDistance: .5
  m_AutoUVMaxAngle: 89
  m_LightmapParameters: {fileID: 0}
  m_SortingLayerID: 0
  m_SortingOrder: 0
--- !u!23 &2360556
MeshRenderer:
  m_ObjectHideFlags: 1
  m_PrefabParentObject: {fileID: 0}
  m_PrefabInternal: {fileID: 100100000}
  m_GameObject: {fileID: 194216}
  m_Enabled: 1
  m_CastShadows: 1
  m_ReceiveShadows: 1
  m_Materials:
  - {fileID: 2100000, guid: 32abbf436abb1734f972e645fc50319f, type: 2}
  - {fileID: 2100000, guid: 72c8ad2b52656d647af38fc65a8d6440, type: 2}
  m_SubsetIndices: 
  m_StaticBatchRoot: {fileID: 0}
  m_UseLightProbes: 1
  m_ReflectionProbeUsage: 1
  m_ProbeAnchor: {fileID: 0}
  m_ScaleInLightmap: 1
  m_PreserveUVs: 0
  m_ImportantGI: 0
  m_AutoUVMaxDistance: .5
  m_AutoUVMaxAngle: 89
  m_LightmapParameters: {fileID: 0}
  m_SortingLayerID: 0
  m_SortingOrder: 0
--- !u!23 &2360950
MeshRenderer:
  m_ObjectHideFlags: 1
  m_PrefabParentObject: {fileID: 0}
  m_PrefabInternal: {fileID: 100100000}
  m_GameObject: {fileID: 113610}
  m_Enabled: 1
  m_CastShadows: 1
  m_ReceiveShadows: 1
  m_Materials:
  - {fileID: 2100000, guid: 6468e757f4ec1cb46bb7e07394123198, type: 2}
  m_SubsetIndices: 
  m_StaticBatchRoot: {fileID: 0}
  m_UseLightProbes: 1
  m_ReflectionProbeUsage: 1
  m_ProbeAnchor: {fileID: 0}
  m_ScaleInLightmap: 1
  m_PreserveUVs: 0
  m_ImportantGI: 0
  m_AutoUVMaxDistance: .5
  m_AutoUVMaxAngle: 89
  m_LightmapParameters: {fileID: 0}
  m_SortingLayerID: 0
  m_SortingOrder: 0
--- !u!23 &2367636
MeshRenderer:
  m_ObjectHideFlags: 1
  m_PrefabParentObject: {fileID: 0}
  m_PrefabInternal: {fileID: 100100000}
  m_GameObject: {fileID: 199016}
  m_Enabled: 1
  m_CastShadows: 1
  m_ReceiveShadows: 1
  m_Materials:
  - {fileID: 2100000, guid: 94aa044bad8056b4a9db34398fa8b811, type: 2}
  m_SubsetIndices: 
  m_StaticBatchRoot: {fileID: 0}
  m_UseLightProbes: 1
  m_ReflectionProbeUsage: 1
  m_ProbeAnchor: {fileID: 0}
  m_ScaleInLightmap: 1
  m_PreserveUVs: 0
  m_ImportantGI: 0
  m_AutoUVMaxDistance: .5
  m_AutoUVMaxAngle: 89
  m_LightmapParameters: {fileID: 0}
  m_SortingLayerID: 0
  m_SortingOrder: 0
--- !u!23 &2370446
MeshRenderer:
  m_ObjectHideFlags: 1
  m_PrefabParentObject: {fileID: 0}
  m_PrefabInternal: {fileID: 100100000}
  m_GameObject: {fileID: 106534}
  m_Enabled: 1
  m_CastShadows: 1
  m_ReceiveShadows: 1
  m_Materials:
  - {fileID: 2100000, guid: 32abbf436abb1734f972e645fc50319f, type: 2}
  - {fileID: 2100000, guid: 72c8ad2b52656d647af38fc65a8d6440, type: 2}
  m_SubsetIndices: 
  m_StaticBatchRoot: {fileID: 0}
  m_UseLightProbes: 1
  m_ReflectionProbeUsage: 1
  m_ProbeAnchor: {fileID: 0}
  m_ScaleInLightmap: 1
  m_PreserveUVs: 0
  m_ImportantGI: 0
  m_AutoUVMaxDistance: .5
  m_AutoUVMaxAngle: 89
  m_LightmapParameters: {fileID: 0}
  m_SortingLayerID: 0
  m_SortingOrder: 0
--- !u!23 &2371638
MeshRenderer:
  m_ObjectHideFlags: 1
  m_PrefabParentObject: {fileID: 0}
  m_PrefabInternal: {fileID: 100100000}
  m_GameObject: {fileID: 152892}
  m_Enabled: 1
  m_CastShadows: 1
  m_ReceiveShadows: 1
  m_Materials:
  - {fileID: 2100000, guid: 32abbf436abb1734f972e645fc50319f, type: 2}
  - {fileID: 2100000, guid: 72c8ad2b52656d647af38fc65a8d6440, type: 2}
  m_SubsetIndices: 
  m_StaticBatchRoot: {fileID: 0}
  m_UseLightProbes: 1
  m_ReflectionProbeUsage: 1
  m_ProbeAnchor: {fileID: 0}
  m_ScaleInLightmap: 1
  m_PreserveUVs: 0
  m_ImportantGI: 0
  m_AutoUVMaxDistance: .5
  m_AutoUVMaxAngle: 89
  m_LightmapParameters: {fileID: 0}
  m_SortingLayerID: 0
  m_SortingOrder: 0
--- !u!23 &2373430
MeshRenderer:
  m_ObjectHideFlags: 1
  m_PrefabParentObject: {fileID: 0}
  m_PrefabInternal: {fileID: 100100000}
  m_GameObject: {fileID: 126408}
  m_Enabled: 1
  m_CastShadows: 1
  m_ReceiveShadows: 1
  m_Materials:
  - {fileID: 2100000, guid: 94aa044bad8056b4a9db34398fa8b811, type: 2}
  m_SubsetIndices: 
  m_StaticBatchRoot: {fileID: 0}
  m_UseLightProbes: 1
  m_ReflectionProbeUsage: 1
  m_ProbeAnchor: {fileID: 0}
  m_ScaleInLightmap: 1
  m_PreserveUVs: 0
  m_ImportantGI: 0
  m_AutoUVMaxDistance: .5
  m_AutoUVMaxAngle: 89
  m_LightmapParameters: {fileID: 0}
  m_SortingLayerID: 0
  m_SortingOrder: 0
--- !u!23 &2373864
MeshRenderer:
  m_ObjectHideFlags: 1
  m_PrefabParentObject: {fileID: 0}
  m_PrefabInternal: {fileID: 100100000}
  m_GameObject: {fileID: 119520}
  m_Enabled: 1
  m_CastShadows: 1
  m_ReceiveShadows: 1
  m_Materials:
  - {fileID: 2100000, guid: 94aa044bad8056b4a9db34398fa8b811, type: 2}
  m_SubsetIndices: 
  m_StaticBatchRoot: {fileID: 0}
  m_UseLightProbes: 1
  m_ReflectionProbeUsage: 1
  m_ProbeAnchor: {fileID: 0}
  m_ScaleInLightmap: 1
  m_PreserveUVs: 0
  m_ImportantGI: 0
  m_AutoUVMaxDistance: .5
  m_AutoUVMaxAngle: 89
  m_LightmapParameters: {fileID: 0}
  m_SortingLayerID: 0
  m_SortingOrder: 0
--- !u!23 &2374490
MeshRenderer:
  m_ObjectHideFlags: 1
  m_PrefabParentObject: {fileID: 0}
  m_PrefabInternal: {fileID: 100100000}
  m_GameObject: {fileID: 103864}
  m_Enabled: 1
  m_CastShadows: 1
  m_ReceiveShadows: 1
  m_Materials:
  - {fileID: 2100000, guid: 32abbf436abb1734f972e645fc50319f, type: 2}
  - {fileID: 2100000, guid: 72c8ad2b52656d647af38fc65a8d6440, type: 2}
  m_SubsetIndices: 
  m_StaticBatchRoot: {fileID: 0}
  m_UseLightProbes: 1
  m_ReflectionProbeUsage: 1
  m_ProbeAnchor: {fileID: 0}
  m_ScaleInLightmap: 1
  m_PreserveUVs: 0
  m_ImportantGI: 0
  m_AutoUVMaxDistance: .5
  m_AutoUVMaxAngle: 89
  m_LightmapParameters: {fileID: 0}
  m_SortingLayerID: 0
  m_SortingOrder: 0
--- !u!23 &2376038
MeshRenderer:
  m_ObjectHideFlags: 1
  m_PrefabParentObject: {fileID: 0}
  m_PrefabInternal: {fileID: 100100000}
  m_GameObject: {fileID: 129844}
  m_Enabled: 1
  m_CastShadows: 1
  m_ReceiveShadows: 1
  m_Materials:
  - {fileID: 2100000, guid: 94aa044bad8056b4a9db34398fa8b811, type: 2}
  m_SubsetIndices: 
  m_StaticBatchRoot: {fileID: 0}
  m_UseLightProbes: 1
  m_ReflectionProbeUsage: 1
  m_ProbeAnchor: {fileID: 0}
  m_ScaleInLightmap: 1
  m_PreserveUVs: 0
  m_ImportantGI: 0
  m_AutoUVMaxDistance: .5
  m_AutoUVMaxAngle: 89
  m_LightmapParameters: {fileID: 0}
  m_SortingLayerID: 0
  m_SortingOrder: 0
--- !u!23 &2379060
MeshRenderer:
  m_ObjectHideFlags: 1
  m_PrefabParentObject: {fileID: 0}
  m_PrefabInternal: {fileID: 100100000}
  m_GameObject: {fileID: 126414}
  m_Enabled: 1
  m_CastShadows: 1
  m_ReceiveShadows: 1
  m_Materials:
  - {fileID: 2100000, guid: 6468e757f4ec1cb46bb7e07394123198, type: 2}
  m_SubsetIndices: 
  m_StaticBatchRoot: {fileID: 0}
  m_UseLightProbes: 1
  m_ReflectionProbeUsage: 1
  m_ProbeAnchor: {fileID: 0}
  m_ScaleInLightmap: 1
  m_PreserveUVs: 0
  m_ImportantGI: 0
  m_AutoUVMaxDistance: .5
  m_AutoUVMaxAngle: 89
  m_LightmapParameters: {fileID: 0}
  m_SortingLayerID: 0
  m_SortingOrder: 0
--- !u!23 &2379470
MeshRenderer:
  m_ObjectHideFlags: 1
  m_PrefabParentObject: {fileID: 0}
  m_PrefabInternal: {fileID: 100100000}
  m_GameObject: {fileID: 136804}
  m_Enabled: 1
  m_CastShadows: 1
  m_ReceiveShadows: 1
  m_Materials:
  - {fileID: 2100000, guid: 94aa044bad8056b4a9db34398fa8b811, type: 2}
  m_SubsetIndices: 
  m_StaticBatchRoot: {fileID: 0}
  m_UseLightProbes: 1
  m_ReflectionProbeUsage: 1
  m_ProbeAnchor: {fileID: 0}
  m_ScaleInLightmap: 1
  m_PreserveUVs: 0
  m_ImportantGI: 0
  m_AutoUVMaxDistance: .5
  m_AutoUVMaxAngle: 89
  m_LightmapParameters: {fileID: 0}
  m_SortingLayerID: 0
  m_SortingOrder: 0
--- !u!23 &2379968
MeshRenderer:
  m_ObjectHideFlags: 1
  m_PrefabParentObject: {fileID: 0}
  m_PrefabInternal: {fileID: 100100000}
  m_GameObject: {fileID: 112970}
  m_Enabled: 1
  m_CastShadows: 1
  m_ReceiveShadows: 1
  m_Materials:
  - {fileID: 2100000, guid: 32abbf436abb1734f972e645fc50319f, type: 2}
  - {fileID: 2100000, guid: 72c8ad2b52656d647af38fc65a8d6440, type: 2}
  m_SubsetIndices: 
  m_StaticBatchRoot: {fileID: 0}
  m_UseLightProbes: 1
  m_ReflectionProbeUsage: 1
  m_ProbeAnchor: {fileID: 0}
  m_ScaleInLightmap: 1
  m_PreserveUVs: 0
  m_ImportantGI: 0
  m_AutoUVMaxDistance: .5
  m_AutoUVMaxAngle: 89
  m_LightmapParameters: {fileID: 0}
  m_SortingLayerID: 0
  m_SortingOrder: 0
--- !u!23 &2380586
MeshRenderer:
  m_ObjectHideFlags: 1
  m_PrefabParentObject: {fileID: 0}
  m_PrefabInternal: {fileID: 100100000}
  m_GameObject: {fileID: 142254}
  m_Enabled: 1
  m_CastShadows: 1
  m_ReceiveShadows: 1
  m_Materials:
  - {fileID: 2100000, guid: 32abbf436abb1734f972e645fc50319f, type: 2}
  - {fileID: 2100000, guid: 72c8ad2b52656d647af38fc65a8d6440, type: 2}
  m_SubsetIndices: 
  m_StaticBatchRoot: {fileID: 0}
  m_UseLightProbes: 1
  m_ReflectionProbeUsage: 1
  m_ProbeAnchor: {fileID: 0}
  m_ScaleInLightmap: 1
  m_PreserveUVs: 0
  m_ImportantGI: 0
  m_AutoUVMaxDistance: .5
  m_AutoUVMaxAngle: 89
  m_LightmapParameters: {fileID: 0}
  m_SortingLayerID: 0
  m_SortingOrder: 0
--- !u!23 &2390636
MeshRenderer:
  m_ObjectHideFlags: 1
  m_PrefabParentObject: {fileID: 0}
  m_PrefabInternal: {fileID: 100100000}
  m_GameObject: {fileID: 142222}
  m_Enabled: 1
  m_CastShadows: 1
  m_ReceiveShadows: 1
  m_Materials:
  - {fileID: 2100000, guid: 32abbf436abb1734f972e645fc50319f, type: 2}
  - {fileID: 2100000, guid: 72c8ad2b52656d647af38fc65a8d6440, type: 2}
  m_SubsetIndices: 
  m_StaticBatchRoot: {fileID: 0}
  m_UseLightProbes: 1
  m_ReflectionProbeUsage: 1
  m_ProbeAnchor: {fileID: 0}
  m_ScaleInLightmap: 1
  m_PreserveUVs: 0
  m_ImportantGI: 0
  m_AutoUVMaxDistance: .5
  m_AutoUVMaxAngle: 89
  m_LightmapParameters: {fileID: 0}
  m_SortingLayerID: 0
  m_SortingOrder: 0
--- !u!23 &2391392
MeshRenderer:
  m_ObjectHideFlags: 1
  m_PrefabParentObject: {fileID: 0}
  m_PrefabInternal: {fileID: 100100000}
  m_GameObject: {fileID: 108832}
  m_Enabled: 1
  m_CastShadows: 1
  m_ReceiveShadows: 1
  m_Materials:
  - {fileID: 2100000, guid: 32abbf436abb1734f972e645fc50319f, type: 2}
  - {fileID: 2100000, guid: 72c8ad2b52656d647af38fc65a8d6440, type: 2}
  m_SubsetIndices: 
  m_StaticBatchRoot: {fileID: 0}
  m_UseLightProbes: 1
  m_ReflectionProbeUsage: 1
  m_ProbeAnchor: {fileID: 0}
  m_ScaleInLightmap: 1
  m_PreserveUVs: 0
  m_ImportantGI: 0
  m_AutoUVMaxDistance: .5
  m_AutoUVMaxAngle: 89
  m_LightmapParameters: {fileID: 0}
  m_SortingLayerID: 0
  m_SortingOrder: 0
--- !u!23 &2391768
MeshRenderer:
  m_ObjectHideFlags: 1
  m_PrefabParentObject: {fileID: 0}
  m_PrefabInternal: {fileID: 100100000}
  m_GameObject: {fileID: 145404}
  m_Enabled: 1
  m_CastShadows: 1
  m_ReceiveShadows: 1
  m_Materials:
  - {fileID: 2100000, guid: 32abbf436abb1734f972e645fc50319f, type: 2}
  - {fileID: 2100000, guid: 72c8ad2b52656d647af38fc65a8d6440, type: 2}
  m_SubsetIndices: 
  m_StaticBatchRoot: {fileID: 0}
  m_UseLightProbes: 1
  m_ReflectionProbeUsage: 1
  m_ProbeAnchor: {fileID: 0}
  m_ScaleInLightmap: 1
  m_PreserveUVs: 0
  m_ImportantGI: 0
  m_AutoUVMaxDistance: .5
  m_AutoUVMaxAngle: 89
  m_LightmapParameters: {fileID: 0}
  m_SortingLayerID: 0
  m_SortingOrder: 0
--- !u!23 &2393422
MeshRenderer:
  m_ObjectHideFlags: 1
  m_PrefabParentObject: {fileID: 0}
  m_PrefabInternal: {fileID: 100100000}
  m_GameObject: {fileID: 186318}
  m_Enabled: 1
  m_CastShadows: 1
  m_ReceiveShadows: 1
  m_Materials:
  - {fileID: 2100000, guid: 94aa044bad8056b4a9db34398fa8b811, type: 2}
  m_SubsetIndices: 
  m_StaticBatchRoot: {fileID: 0}
  m_UseLightProbes: 1
  m_ReflectionProbeUsage: 1
  m_ProbeAnchor: {fileID: 0}
  m_ScaleInLightmap: 1
  m_PreserveUVs: 0
  m_ImportantGI: 0
  m_AutoUVMaxDistance: .5
  m_AutoUVMaxAngle: 89
  m_LightmapParameters: {fileID: 0}
  m_SortingLayerID: 0
  m_SortingOrder: 0
--- !u!23 &2395224
MeshRenderer:
  m_ObjectHideFlags: 1
  m_PrefabParentObject: {fileID: 0}
  m_PrefabInternal: {fileID: 100100000}
  m_GameObject: {fileID: 188168}
  m_Enabled: 1
  m_CastShadows: 1
  m_ReceiveShadows: 1
  m_Materials:
  - {fileID: 2100000, guid: 94aa044bad8056b4a9db34398fa8b811, type: 2}
  m_SubsetIndices: 
  m_StaticBatchRoot: {fileID: 0}
  m_UseLightProbes: 1
  m_ReflectionProbeUsage: 1
  m_ProbeAnchor: {fileID: 0}
  m_ScaleInLightmap: 1
  m_PreserveUVs: 0
  m_ImportantGI: 0
  m_AutoUVMaxDistance: .5
  m_AutoUVMaxAngle: 89
  m_LightmapParameters: {fileID: 0}
  m_SortingLayerID: 0
  m_SortingOrder: 0
--- !u!33 &3302342
MeshFilter:
  m_ObjectHideFlags: 1
  m_PrefabParentObject: {fileID: 0}
  m_PrefabInternal: {fileID: 100100000}
  m_GameObject: {fileID: 126408}
  m_Mesh: {fileID: 4300034, guid: bd3e6faf75eb91949a6c5589f9222151, type: 3}
--- !u!33 &3304736
MeshFilter:
  m_ObjectHideFlags: 1
  m_PrefabParentObject: {fileID: 0}
  m_PrefabInternal: {fileID: 100100000}
  m_GameObject: {fileID: 116000}
  m_Mesh: {fileID: 4300072, guid: bd3e6faf75eb91949a6c5589f9222151, type: 3}
--- !u!33 &3306528
MeshFilter:
  m_ObjectHideFlags: 1
  m_PrefabParentObject: {fileID: 0}
  m_PrefabInternal: {fileID: 100100000}
  m_GameObject: {fileID: 113610}
  m_Mesh: {fileID: 4300062, guid: bd3e6faf75eb91949a6c5589f9222151, type: 3}
--- !u!33 &3307728
MeshFilter:
  m_ObjectHideFlags: 1
  m_PrefabParentObject: {fileID: 0}
  m_PrefabInternal: {fileID: 100100000}
  m_GameObject: {fileID: 119374}
  m_Mesh: {fileID: 4300080, guid: bd3e6faf75eb91949a6c5589f9222151, type: 3}
--- !u!33 &3313842
MeshFilter:
  m_ObjectHideFlags: 1
  m_PrefabParentObject: {fileID: 0}
  m_PrefabInternal: {fileID: 100100000}
  m_GameObject: {fileID: 142172}
  m_Mesh: {fileID: 4300094, guid: bd3e6faf75eb91949a6c5589f9222151, type: 3}
--- !u!33 &3314938
MeshFilter:
  m_ObjectHideFlags: 1
  m_PrefabParentObject: {fileID: 0}
  m_PrefabInternal: {fileID: 100100000}
  m_GameObject: {fileID: 126414}
  m_Mesh: {fileID: 4300064, guid: bd3e6faf75eb91949a6c5589f9222151, type: 3}
--- !u!33 &3316604
MeshFilter:
  m_ObjectHideFlags: 1
  m_PrefabParentObject: {fileID: 0}
  m_PrefabInternal: {fileID: 100100000}
  m_GameObject: {fileID: 194216}
  m_Mesh: {fileID: 4300042, guid: bd3e6faf75eb91949a6c5589f9222151, type: 3}
--- !u!33 &3317312
MeshFilter:
  m_ObjectHideFlags: 1
  m_PrefabParentObject: {fileID: 0}
  m_PrefabInternal: {fileID: 100100000}
  m_GameObject: {fileID: 122456}
  m_Mesh: {fileID: 4300000, guid: bd3e6faf75eb91949a6c5589f9222151, type: 3}
--- !u!33 &3317342
MeshFilter:
  m_ObjectHideFlags: 1
  m_PrefabParentObject: {fileID: 0}
  m_PrefabInternal: {fileID: 100100000}
  m_GameObject: {fileID: 161438}
  m_Mesh: {fileID: 4300010, guid: bd3e6faf75eb91949a6c5589f9222151, type: 3}
--- !u!33 &3317568
MeshFilter:
  m_ObjectHideFlags: 1
  m_PrefabParentObject: {fileID: 0}
  m_PrefabInternal: {fileID: 100100000}
  m_GameObject: {fileID: 114122}
  m_Mesh: {fileID: 4300094, guid: bd3e6faf75eb91949a6c5589f9222151, type: 3}
--- !u!33 &3319474
MeshFilter:
  m_ObjectHideFlags: 1
  m_PrefabParentObject: {fileID: 0}
  m_PrefabInternal: {fileID: 100100000}
  m_GameObject: {fileID: 186318}
  m_Mesh: {fileID: 4300074, guid: bd3e6faf75eb91949a6c5589f9222151, type: 3}
--- !u!33 &3320544
MeshFilter:
  m_ObjectHideFlags: 1
  m_PrefabParentObject: {fileID: 0}
  m_PrefabInternal: {fileID: 100100000}
  m_GameObject: {fileID: 150662}
  m_Mesh: {fileID: 4300090, guid: bd3e6faf75eb91949a6c5589f9222151, type: 3}
--- !u!33 &3321702
MeshFilter:
  m_ObjectHideFlags: 1
  m_PrefabParentObject: {fileID: 0}
  m_PrefabInternal: {fileID: 100100000}
  m_GameObject: {fileID: 128858}
  m_Mesh: {fileID: 4300008, guid: bd3e6faf75eb91949a6c5589f9222151, type: 3}
--- !u!33 &3322482
MeshFilter:
  m_ObjectHideFlags: 1
  m_PrefabParentObject: {fileID: 0}
  m_PrefabInternal: {fileID: 100100000}
  m_GameObject: {fileID: 119520}
  m_Mesh: {fileID: 4300014, guid: bd3e6faf75eb91949a6c5589f9222151, type: 3}
--- !u!33 &3326322
MeshFilter:
  m_ObjectHideFlags: 1
  m_PrefabParentObject: {fileID: 0}
  m_PrefabInternal: {fileID: 100100000}
  m_GameObject: {fileID: 141156}
  m_Mesh: {fileID: 4300068, guid: bd3e6faf75eb91949a6c5589f9222151, type: 3}
--- !u!33 &3327290
MeshFilter:
  m_ObjectHideFlags: 1
  m_PrefabParentObject: {fileID: 0}
  m_PrefabInternal: {fileID: 100100000}
  m_GameObject: {fileID: 152892}
  m_Mesh: {fileID: 4300046, guid: bd3e6faf75eb91949a6c5589f9222151, type: 3}
--- !u!33 &3328330
MeshFilter:
  m_ObjectHideFlags: 1
  m_PrefabParentObject: {fileID: 0}
  m_PrefabInternal: {fileID: 100100000}
  m_GameObject: {fileID: 108832}
  m_Mesh: {fileID: 4300004, guid: bd3e6faf75eb91949a6c5589f9222151, type: 3}
--- !u!33 &3330578
MeshFilter:
  m_ObjectHideFlags: 1
  m_PrefabParentObject: {fileID: 0}
  m_PrefabInternal: {fileID: 100100000}
  m_GameObject: {fileID: 193164}
  m_Mesh: {fileID: 4300026, guid: bd3e6faf75eb91949a6c5589f9222151, type: 3}
--- !u!33 &3331166
MeshFilter:
  m_ObjectHideFlags: 1
  m_PrefabParentObject: {fileID: 0}
  m_PrefabInternal: {fileID: 100100000}
  m_GameObject: {fileID: 110672}
  m_Mesh: {fileID: 4300076, guid: bd3e6faf75eb91949a6c5589f9222151, type: 3}
--- !u!33 &3331988
MeshFilter:
  m_ObjectHideFlags: 1
  m_PrefabParentObject: {fileID: 0}
  m_PrefabInternal: {fileID: 100100000}
  m_GameObject: {fileID: 142254}
  m_Mesh: {fileID: 4300006, guid: bd3e6faf75eb91949a6c5589f9222151, type: 3}
--- !u!33 &3332494
MeshFilter:
  m_ObjectHideFlags: 1
  m_PrefabParentObject: {fileID: 0}
  m_PrefabInternal: {fileID: 100100000}
  m_GameObject: {fileID: 106534}
  m_Mesh: {fileID: 4300060, guid: bd3e6faf75eb91949a6c5589f9222151, type: 3}
--- !u!33 &3337354
MeshFilter:
  m_ObjectHideFlags: 1
  m_PrefabParentObject: {fileID: 0}
  m_PrefabInternal: {fileID: 100100000}
  m_GameObject: {fileID: 103354}
  m_Mesh: {fileID: 4300066, guid: bd3e6faf75eb91949a6c5589f9222151, type: 3}
--- !u!33 &3339430
MeshFilter:
  m_ObjectHideFlags: 1
  m_PrefabParentObject: {fileID: 0}
  m_PrefabInternal: {fileID: 100100000}
  m_GameObject: {fileID: 139700}
  m_Mesh: {fileID: 4300002, guid: bd3e6faf75eb91949a6c5589f9222151, type: 3}
--- !u!33 &3340464
MeshFilter:
  m_ObjectHideFlags: 1
  m_PrefabParentObject: {fileID: 0}
  m_PrefabInternal: {fileID: 100100000}
  m_GameObject: {fileID: 157640}
  m_Mesh: {fileID: 4300018, guid: bd3e6faf75eb91949a6c5589f9222151, type: 3}
--- !u!33 &3341476
MeshFilter:
  m_ObjectHideFlags: 1
  m_PrefabParentObject: {fileID: 0}
  m_PrefabInternal: {fileID: 100100000}
  m_GameObject: {fileID: 171526}
  m_Mesh: {fileID: 4300054, guid: bd3e6faf75eb91949a6c5589f9222151, type: 3}
--- !u!33 &3343368
MeshFilter:
  m_ObjectHideFlags: 1
  m_PrefabParentObject: {fileID: 0}
  m_PrefabInternal: {fileID: 100100000}
  m_GameObject: {fileID: 142222}
  m_Mesh: {fileID: 4300032, guid: bd3e6faf75eb91949a6c5589f9222151, type: 3}
--- !u!33 &3346814
MeshFilter:
  m_ObjectHideFlags: 1
  m_PrefabParentObject: {fileID: 0}
  m_PrefabInternal: {fileID: 100100000}
  m_GameObject: {fileID: 143492}
  m_Mesh: {fileID: 4300038, guid: bd3e6faf75eb91949a6c5589f9222151, type: 3}
--- !u!33 &3347900
MeshFilter:
  m_ObjectHideFlags: 1
  m_PrefabParentObject: {fileID: 0}
  m_PrefabInternal: {fileID: 100100000}
  m_GameObject: {fileID: 160084}
  m_Mesh: {fileID: 4300096, guid: bd3e6faf75eb91949a6c5589f9222151, type: 3}
--- !u!33 &3348670
MeshFilter:
  m_ObjectHideFlags: 1
  m_PrefabParentObject: {fileID: 0}
  m_PrefabInternal: {fileID: 100100000}
  m_GameObject: {fileID: 141668}
  m_Mesh: {fileID: 4300056, guid: bd3e6faf75eb91949a6c5589f9222151, type: 3}
--- !u!33 &3349952
MeshFilter:
  m_ObjectHideFlags: 1
  m_PrefabParentObject: {fileID: 0}
  m_PrefabInternal: {fileID: 100100000}
  m_GameObject: {fileID: 115364}
  m_Mesh: {fileID: 4300050, guid: bd3e6faf75eb91949a6c5589f9222151, type: 3}
--- !u!33 &3350026
MeshFilter:
  m_ObjectHideFlags: 1
  m_PrefabParentObject: {fileID: 0}
  m_PrefabInternal: {fileID: 100100000}
  m_GameObject: {fileID: 112970}
  m_Mesh: {fileID: 4300052, guid: bd3e6faf75eb91949a6c5589f9222151, type: 3}
--- !u!33 &3353120
MeshFilter:
  m_ObjectHideFlags: 1
  m_PrefabParentObject: {fileID: 0}
  m_PrefabInternal: {fileID: 100100000}
  m_GameObject: {fileID: 103864}
  m_Mesh: {fileID: 4300012, guid: bd3e6faf75eb91949a6c5589f9222151, type: 3}
--- !u!33 &3354770
MeshFilter:
  m_ObjectHideFlags: 1
  m_PrefabParentObject: {fileID: 0}
  m_PrefabInternal: {fileID: 100100000}
  m_GameObject: {fileID: 135886}
  m_Mesh: {fileID: 4300092, guid: bd3e6faf75eb91949a6c5589f9222151, type: 3}
--- !u!33 &3355966
MeshFilter:
  m_ObjectHideFlags: 1
  m_PrefabParentObject: {fileID: 0}
  m_PrefabInternal: {fileID: 100100000}
  m_GameObject: {fileID: 148730}
  m_Mesh: {fileID: 4300022, guid: bd3e6faf75eb91949a6c5589f9222151, type: 3}
--- !u!33 &3360916
MeshFilter:
  m_ObjectHideFlags: 1
  m_PrefabParentObject: {fileID: 0}
  m_PrefabInternal: {fileID: 100100000}
  m_GameObject: {fileID: 146984}
  m_Mesh: {fileID: 4300024, guid: bd3e6faf75eb91949a6c5589f9222151, type: 3}
--- !u!33 &3361394
MeshFilter:
  m_ObjectHideFlags: 1
  m_PrefabParentObject: {fileID: 0}
  m_PrefabInternal: {fileID: 100100000}
  m_GameObject: {fileID: 198352}
  m_Mesh: {fileID: 4300030, guid: bd3e6faf75eb91949a6c5589f9222151, type: 3}
--- !u!33 &3362030
MeshFilter:
  m_ObjectHideFlags: 1
  m_PrefabParentObject: {fileID: 0}
  m_PrefabInternal: {fileID: 100100000}
  m_GameObject: {fileID: 123058}
  m_Mesh: {fileID: 4300044, guid: bd3e6faf75eb91949a6c5589f9222151, type: 3}
--- !u!33 &3362082
MeshFilter:
  m_ObjectHideFlags: 1
  m_PrefabParentObject: {fileID: 0}
  m_PrefabInternal: {fileID: 100100000}
  m_GameObject: {fileID: 136804}
  m_Mesh: {fileID: 4300016, guid: bd3e6faf75eb91949a6c5589f9222151, type: 3}
--- !u!33 &3362754
MeshFilter:
  m_ObjectHideFlags: 1
  m_PrefabParentObject: {fileID: 0}
  m_PrefabInternal: {fileID: 100100000}
  m_GameObject: {fileID: 145404}
  m_Mesh: {fileID: 4300020, guid: bd3e6faf75eb91949a6c5589f9222151, type: 3}
--- !u!33 &3363012
MeshFilter:
  m_ObjectHideFlags: 1
  m_PrefabParentObject: {fileID: 0}
  m_PrefabInternal: {fileID: 100100000}
  m_GameObject: {fileID: 111588}
  m_Mesh: {fileID: 4300036, guid: bd3e6faf75eb91949a6c5589f9222151, type: 3}
--- !u!33 &3364236
MeshFilter:
  m_ObjectHideFlags: 1
  m_PrefabParentObject: {fileID: 0}
  m_PrefabInternal: {fileID: 100100000}
  m_GameObject: {fileID: 135568}
  m_Mesh: {fileID: 4300070, guid: bd3e6faf75eb91949a6c5589f9222151, type: 3}
--- !u!33 &3367986
MeshFilter:
  m_ObjectHideFlags: 1
  m_PrefabParentObject: {fileID: 0}
  m_PrefabInternal: {fileID: 100100000}
  m_GameObject: {fileID: 123396}
  m_Mesh: {fileID: 4300088, guid: bd3e6faf75eb91949a6c5589f9222151, type: 3}
--- !u!33 &3368534
MeshFilter:
  m_ObjectHideFlags: 1
  m_PrefabParentObject: {fileID: 0}
  m_PrefabInternal: {fileID: 100100000}
  m_GameObject: {fileID: 195758}
  m_Mesh: {fileID: 4300048, guid: bd3e6faf75eb91949a6c5589f9222151, type: 3}
--- !u!33 &3371492
MeshFilter:
  m_ObjectHideFlags: 1
  m_PrefabParentObject: {fileID: 0}
  m_PrefabInternal: {fileID: 100100000}
  m_GameObject: {fileID: 168082}
  m_Mesh: {fileID: 4300094, guid: bd3e6faf75eb91949a6c5589f9222151, type: 3}
--- !u!33 &3372766
MeshFilter:
  m_ObjectHideFlags: 1
  m_PrefabParentObject: {fileID: 0}
  m_PrefabInternal: {fileID: 100100000}
  m_GameObject: {fileID: 117550}
  m_Mesh: {fileID: 4300040, guid: bd3e6faf75eb91949a6c5589f9222151, type: 3}
--- !u!33 &3375702
MeshFilter:
  m_ObjectHideFlags: 1
  m_PrefabParentObject: {fileID: 0}
  m_PrefabInternal: {fileID: 100100000}
  m_GameObject: {fileID: 129844}
  m_Mesh: {fileID: 4300082, guid: bd3e6faf75eb91949a6c5589f9222151, type: 3}
--- !u!33 &3379478
MeshFilter:
  m_ObjectHideFlags: 1
  m_PrefabParentObject: {fileID: 0}
  m_PrefabInternal: {fileID: 100100000}
  m_GameObject: {fileID: 199016}
  m_Mesh: {fileID: 4300084, guid: bd3e6faf75eb91949a6c5589f9222151, type: 3}
--- !u!33 &3380908
MeshFilter:
  m_ObjectHideFlags: 1
  m_PrefabParentObject: {fileID: 0}
  m_PrefabInternal: {fileID: 100100000}
  m_GameObject: {fileID: 109532}
  m_Mesh: {fileID: 4300028, guid: bd3e6faf75eb91949a6c5589f9222151, type: 3}
--- !u!33 &3381208
MeshFilter:
  m_ObjectHideFlags: 1
  m_PrefabParentObject: {fileID: 0}
  m_PrefabInternal: {fileID: 100100000}
  m_GameObject: {fileID: 199582}
  m_Mesh: {fileID: 4300058, guid: bd3e6faf75eb91949a6c5589f9222151, type: 3}
--- !u!33 &3382984
MeshFilter:
  m_ObjectHideFlags: 1
  m_PrefabParentObject: {fileID: 0}
  m_PrefabInternal: {fileID: 100100000}
  m_GameObject: {fileID: 188168}
  m_Mesh: {fileID: 4300078, guid: bd3e6faf75eb91949a6c5589f9222151, type: 3}
--- !u!33 &3385228
MeshFilter:
  m_ObjectHideFlags: 1
  m_PrefabParentObject: {fileID: 0}
  m_PrefabInternal: {fileID: 100100000}
  m_GameObject: {fileID: 134280}
  m_Mesh: {fileID: 4300086, guid: bd3e6faf75eb91949a6c5589f9222151, type: 3}
--- !u!1001 &100100000
Prefab:
  m_ObjectHideFlags: 1
  serializedVersion: 2
  m_Modification:
    m_TransformParent: {fileID: 0}
    m_Modifications: []
    m_RemovedComponents: []
  m_ParentPrefab: {fileID: 0}
  m_RootGameObject: {fileID: 182408}
  m_IsPrefabParent: 1
